2774 4830
403 327 557 385 Paschal.
573 328 694 400 Operis
711 328 783 385 Lib.
800 328 854 386 111„
1130 332 1195 401 253

63 516 141 585 stoli
171 516 226 601 qui
255 517 355 584 maior
383 516 418 585 iu
446 519 601 584 caelorum
630 522 736 603 posset
760 534 855 603 regno
877 518 1006 599 censeri,
1029 522 1193 605 tamqnam

64 620 152 687 Deus
180 621 348 706 doctorque
378 618 532 687 mirabilia
567 618 713 687 omnibus
748 618 902 687 humilem
933 622 1094 704 respondit
1126 641 1194 690 esse

64 722 229 807 potiorem,
253 724 442 809 cunctosque
463 722 650 807 praecellere
673 723 728 806 qui
750 723 870 789 cunetis
891 742 958 790 sese
987 725 1192 792 nouissimum

63 825 284 911 praestitisset,
318 828 406 893 uelut
438 844 515 911 puer
543 825 731 903 infantulus,
762 844 855 908 quem
884 826 1033 910 spiritalis
1061 829 1192 912 exempli

44 929 169 1015 agretia
191 927 319 995 tenebat
346 929 380 995 in
403 928 507 995 medio
531 928 749 1008 constitutum,
772 931 842 995 aeui
865 929 988 995 scilicet
1009 930 1119 1013 pusilli
1141 933 1193 999 nel

63 1033 175 1110 teneri,
197 1030 379 1098 sectandum
394 1031 586 1116 praecipiens
608 1030 780 1116 ingenium,
802 1049 864 1097 non
879 1033 1024 1111 aetatem,
1046 1035 1194 1117 qnoniam
1312 1054 1315 1059 ·

64 1135 141 1202 anni
163 1134 311 1201 uidelicet
334 1134 496 1200 infantiles
517 1136 646 1217 exiguae
660 1133 827 1217 parcitatis
842 1152 899 1200 nec
914 1137 1088 1203 mundanae
1103 1155 1194 1222 pom·

63 1256 123 1325 pae
144 1236 220 1321 qnid
234 1237 382 1320 diligunt,
401 1256 457 1304 nec
472 1238 596 1306 honoris
612 1237 785 1305 ambitione
800 1239 984 1323 tanguntur,
1000 1258 1057 1306 nec
1072 1244 1194 1306 tumore

64 1341 194 1425 superbi
222 1340 323 1407 fastus
349 1340 508 1409 indantur.
544 1342 672 1425 ideoque
694 1341 780 1407 uitae
802 1341 990 1424 simplicitas
1013 1342 1195 1423 inclinatae,

29 1448 219 1529 acquantum
248 1446 354 1511 uicina
382 1443 418 1510 lit
443 1445 518 1527 solo,
542 1447 668 1511 tantum
690 1444 796 1510 uicina
816 1444 855 1510 fit
877 1446 978 1511 caelo:
1001 1464 1089 1513 mens
1111 1448 1195 1513 enim

64 1566 198 1631 uergens
220 1548 358 1632 erigitur,
381 1548 486 1613 erecta
508 1546 906 1631 dinergitur31nieriorque
929 1547 1029 1615 cordis
1044 1550 1194 1631 incessus,

65 1670 127 1735 qno
160 1652 342 1717 descendere
376 1650 496 1732 nititur,
526 1650 724 1718 sublimatur.
760 1650 915 1716 humilem
944 1670 1077 1736 namque
1111 1653 1195 1719 Deus

65 1755 99 1820 et
120 1772 289 1838 pauperem
317 1753 355 1818 de
381 1753 570 1820 stercoribus
595 1754 688 1837 erigit
716 1754 748 1819 et
769 1757 933 1839 potentum
955 1755 1098 1821 societati
1121 1773 1195 1820 oon-

66 1856 186 1942 inngit:
221 1857 375 1924 ceruicem
403 1856 576 1924 diabolicae
601 1876 674 1923 uero
696 1857 858 1942 superbiae
880 1858 918 1924 de
941 1858 1069 1924 caelesti
1092 1858 1195 1943 digni·

30 1961 133 2029 istate
165 1960 365 2045 praecipitem
398 1960 432 2026 in
466 1960 622 2044 squaloris
651 1961 782 2027 tartarei
810 1961 963 2047 profunda
991 1961 1113 2027 deiecit.
1149 1961 1195 2026 ita

67 2079 202 2146 namque
234 2063 329 2130 lectio
363 2062 471 2130 diuina
498 2064 710 2147 proloquitur:
740 2063 970 2131 humilibus
999 2064 1100 2129 Deus
1129 2064 1197 2129 dat

66 2166 251 2251 gratiam,
275 2167 463 2252 superbis
492 2167 622 2233 autem
648 2167 819 2233 resistit
856 2168 888 2234 et
909 2167 1027 2234 itemm
1048 2167 1197 2233 similiter

66 2287 244 2337 memorans
270 2270 362 2337 dicite
391 2269 597 2336 suscitans
621 2289 639 2337 a
661 2273 770 2336 terra
792 2270 949 2355 inopem
971 2274 1009 2336 et
1031 2270 1075 2335 de
1095 2274 1196 2336 ster·

66 2389 155 2438 core
184 2372 342 2459 erigene
368 2391 593 2458 pauperem,
623 2376 664 2438 ut
688 2374 857 2440 collocet
878 2392 962 2439 eum
984 2391 1068 2440 cum
1089 2374 1196 2457 prin·

31 2474 221 2558 „cipibus
242 2476 380 2562 populi
413 2477 481 2542 sui.
519 2477 620 2542 omnis
646 2476 730 2541 euim
751 2478 916 2560 paupertas
938 2475 1129 2543 humilitatis
1150 2479 1197 2544 est

66 2578 162 2644 socia.
200 2578 274 2645 audi
313 2579 511 2647 Salomonem
551 2579 721 2646 dicentem:
760 2583 972 2663 paupertas
1006 2579 1197 2646 humiliat

173 2817 206 2872 16
222 2816 257 2873 cd.
269 2816 322 2872 Iac
340 2818 366 2882 4,
384 2817 402 2872 6
490 2818 522 2872 18
539 2816 613 2872 Peal.
634 2816 693 2883 112,
711 2818 736 2873 7.
753 2818 771 2873 8
857 2818 892 2872 21
910 2817 943 2874 ci.
955 2817 1033 2872 Pron.
1052 2818 1093 2882 10,
1110 2817 1128 2872 4

121 3038 135 3091 1
162 3039 224 3106 quie
248 3037 331 3094 HBo
450 3054 564 3107 regnum
591 3041 681 3107 possm
705 3038 734 3093 Β
854 3039 871 3093 2
896 3045 950 3109 qua
976 3040 1004 3094 P
1121 3040 1198 3095 omni

66 3132 97 3188 Β
200 3133 266 3203 asse]
292 3149 313 3188 e.
339 3133 357 3186 1.
384 3131 424 3186 13¹
525 3136 543 3188 3
569 3148 625 3187 esee
650 3132 710 3188 ΗΒ
816 3133 835 3187 5
860 3133 948 3187 silicet
973 3132 1077 3204 pnlsilli
1103 3134 1133 3189 P

66 3227 541 3297 cumque-pmilliiarce.na1
565 3227 593 3281 Β
694 3227 832 3283 literaria
856 3227 883 3281 Β
986 3227 1080 3297 inquid
1104 3229 1131 3283 B

66 3324 158 3375 aetate
181 3321 210 3375 P
308 3322 323 3375 7
347 3338 436 3376 anun
455 3322 490 3375 H
588 3320 728 3376 infantile·
748 3322 793 3386 H,
824 3322 959 3377 infantilis
978 3323 1006 3377 Β
1108 3325 1198 3396 exigui

67 3416 129 3481 Pr,
164 3416 258 3487 exigna
289 3418 323 3471 H
422 3419 439 3473 8
464 3418 512 3487 qni
539 3416 616 3472 PHl
634 3417 689 3473 Col.
792 3419 910 3471 tumore·
940 3424 965 3485 (a
991 3423 1073 3488 cros.)
1100 3421 1133 3475 H

66 3510 85 3564 9
112 3511 221 3579 superni
248 3510 312 3566 PR¹
339 3513 420 3574 (corr.
447 3510 476 3565 bi
502 3528 536 3565 m.
562 3514 593 3575 2)
620 3512 648 3566 Β
702 3539 710 3551 ·
775 3513 808 3567 10
833 3514 939 3567 tantum
967 3517 1075 3569 tantum
1104 3516 1132 3570 P

67 3607 128 3658 tam
154 3604 186 3659 lit
210 3604 301 3659 uicina
327 3622 344 3661 o
464 3607 494 3660 11
524 3608 616 3676 uergit
643 3608 672 3661 P
786 3607 938 3677 diuergitur
965 3610 1007 3677 R,
1043 3608 1199 3680 decerpitur

66 3706 162 3773 rrae,
193 3707 340 3763 renerum
357 3709 386 3763 P
485 3709 520 3764 na
540 3708 610 3780 quor
627 3709 657 3764 P
756 3697 949 3767 deaurarent
962 3711 991 3765 P
1093 3709 1126 3766 re
1143 3726 1198 3767 eor-

66 3801 150 3857 dibus
173 3802 254 3858 HBo
355 3804 494 3872 potentem
517 3802 545 3857 P
645 3805 773 3860 societate
789 3805 831 3871 (in
848 3805 870 3860 ti
888 3820 959 3862 corr.
977 3821 1012 3859 ec.
1030 3806 1078 3874 cl.)
1104 3806 1131 3860 B

67 3896 105 3952 14
125 3910 216 3952 nereo
314 3896 356 3966 de]
375 3912 445 3953 erce.
462 3897 506 3964 H,
535 3912 586 3953 ona.
605 3896 697 3967 Hique
801 3899 835 3953 15
851 3899 973 3968 squalore
990 3899 1024 3955 H
1119 3915 1199 3969 aqna·

65 3990 255 4046 loreatantarei
274 3990 302 4045 P
388 3991 420 4045 ii
438 3991 565 4047 similiter
581 4006 731 4047 memorans
748 3992 818 4048 dicit
834 4010 855 4049 a.
867 3994 886 4049 l.
904 3994 942 4048 Βι
1029 3996 1062 4049 18
1080 3995 1112 4050 de
1130 3998 1200 4051 ster-

63 4099 157 4142 eorem
183 4084 217 4145 P,
249 4084 321 4139 dem
337 4086 452 4140 stercore
479 4085 506 4139 B
609 4086 641 4140 19
665 4102 726 4142 cum
742 4086 857 4156 princib:
884 4104 942 4143 cum
962 4088 1074 4158 princib:
1098 4090 1133 4144 H

61 4171 103 4227 20
127 4170 194 4309 nin}
207 4174 349 4240 paupertas
372 4170 513 4226 humilitas
533 4172 565 4226 iot
581 4186 636 4229 raa.
660 4173 689 4228 Β
790 4174 841 4243 est]
859 4189 908 4229 oon.
927 4174 978 4230 Bo
1079 4176 1112 4231 al
1132 4192 1201 4246 pan·

59 4260 148 4331 patae
