2774 4830
411 324 562 380 Pasohal.
581 324 700 392 Operis
721 322 791 379 Lib.
808 324 842 380 V.

369 1022 559 1121 LIBER
598 1022 880 1123 QVINTVS.

106 1287 200 1385 Inter
221 1318 278 1384 has
302 1317 439 1384 diuitum
461 1318 564 1401 copias
587 1316 652 1382 sins
675 1316 735 1382 fine
749 1317 906 1382 uirtutum
921 1317 1034 1399 paseha
1049 1319 1213 1401 ooeperatl

60 1442 131 1491 esse
160 1425 225 1489 ism
251 1422 438 1506 proximum,
472 1440 532 1505 quo
565 1420 701 1506 gloriosa
722 1418 838 1485 Christi
859 1420 1000 1502 potentia
1022 1421 1186 1487 mortalem

60 1527 163 1592 uellet
196 1544 346 1609 exponere
378 1533 575 1607 resumptura
602 1542 727 1590 earnem
757 1525 907 1606 perpetuo
936 1523 1001 1590 iam
1034 1524 1187 1603 uiuaoem,

60 1650 127 1696 non
148 1630 289 1708 alteram,
312 1633 365 1696 sed
388 1629 528 1710 eandem,
554 1647 648 1712 quam
663 1629 912 1693 remuneratione
927 1628 1008 1693 lneis
1021 1628 1187 1712 impletam

35 1736 102 1800 sab
124 1732 231 1798 inferis
254 1733 391 1799 excitans
413 1732 552 1799 eleuauit
566 1732 605 1797 ad
620 1731 732 1798 sidera.
759 1730 965 1814 turbatusque
979 1731 1187 1815 pauxillulum

61 1838 174 1902 mortis
201 1837 305 1903 uicina
332 1843 368 1902 ut
396 1836 489 1902 homo
517 1836 699 1918 formidans,
729 1835 847 1901 talibus
870 1837 909 1899 ad
931 1835 1060 1901 Patrem
1083 1834 1187 1901 uerbis

61 1938 178 2005 fiducia
205 1940 275 2023 piae
304 1940 466 2022 religionis
500 1940 653 2005 exolamat
679 1938 737 2004 Dei
765 1938 866 2003 filium
894 1957 926 2003 se
952 1939 1187 2005 demonstrans:

61 2044 191 2127 pater,
214 2044 329 2108 salua
352 2061 408 2107 ms
430 2043 476 2107 do
498 2042 580 2107 ista
606 2041 714 2118 hora3
739 2041 805 2106 sed
827 2045 989 2124 propter
1011 2042 1187 2107 honneni

59 2146 104 2209 in
137 2146 257 2211 istam
290 2146 432 2212 horam.
476 2148 609 2229 pater,
643 2145 869 2211 honorifica
901 2163 1036 2210 nomen
1068 2150 1186 2211 tuum.

17 2248 197 2318 ronimium
219 2249 324 2316 diuine
347 2250 469 2315 loeutus
491 2254 539 2315 ost
558 2253 590 2315 et
613 2251 764 2331 potenter,
788 2250 841 2332 qui
863 2268 935 2315 oum
950 2249 1049 2315 semet
1063 2248 1187 2313 honori·

60 2352 152 2417 ficari
180 2355 364 2434 deposceret,
395 2353 496 2436 patris
528 2372 640 2419 nomen
662 2352 928 2420 honorificandum
951 2370 1019 2417 esse
1040 2352 1186 2435 signauit.

60 2455 149 2520 Deus
182 2457 266 2521 enim
299 2476 412 2523 nomen
446 2462 494 2521 est
524 2456 585 2532 1111,
618 2456 700 2538 quod
728 2459 817 2538 pater
845 2457 878 2520 ot
919 2456 1002 2521 filius
1030 2456 1188 2522 communi

58 2559 180 2641 paritor
208 2561 372 2626 maiestate
400 2560 558 2642 possident
585 2559 767 2625 indiuisum.
813 2561 924 2625 uenit
953 2561 1084 2626 autem
1116 2576 1188 2625 uox

59 2662 108 2727 de
141 2663 262 2728 coelo:
294 2664 333 2728 et
356 2663 627 2730 honorifioaui
656 2663 869 2729 etiterum
898 2662 1187 2729 honorificabo.

15 2766 138 2848 mquid
166 2766 304 2849 apertius
331 2767 509 2832 testimonio
537 2768 685 2849 paternae
709 2765 907 2848 professionis
939 2765 1094 2848 impleto?
1112 2767 1186 2848 qnid

60 2867 180 2934 elarius
209 2868 351 2934 caelestis
381 2869 428 2933 est
456 2869 636 2934 assertionis
665 2868 810 2933 oraculo?
838 2869 944 2933 tamen
967 2868 1083 2933 Iudaea
1111 2886 1187 2951 gens

58 2970 193 3056 perfida,
224 2990 302 3054 quae
333 2975 452 3056 pondus
481 2975 587 3037 tantae
616 2973 759 3036 ueritatis
788 2971 960 3050 audiuerat,
993 2988 1186 3054 nequaquam

167 3160 235 3216 811.
253 3161 311 3216 Ioh.
334 3160 373 3225 12,
391 3160 433 3214 27.
452 3160 486 3214 28
589 3160 623 3214 13
639 3160 674 3214 ef.
694 3158 730 3213 ib.
748 3158 782 3212 28

117 3333 130 3385 1
158 3347 194 3384 nn
222 3346 258 3385 uo
288 3346 361 3389 eron
391 3344 532 3384 sonrrnnrr
560 3344 611 3383 asu
641 3344 732 3383 111111
762 3343 852 3383 stura
882 3345 923 3383 111
953 3345 989 3383 nn
1019 3344 1083 3384 isra
1111 3343 1191 3383 nona

58 3417 137 3480 ΒΗ,
172 3417 278 3471 Christo
303 3419 395 3470 orante
418 3415 565 3481 (Christum
590 3417 710 3468 orantem
736 3414 820 3477 Gali.)
848 3430 899 3468 uox
920 3430 935 3467 e
960 3415 1033 3468 eaelo
1060 3414 1189 3468 olarifioat

57 3522 78 3561 v
183 3504 271 3557 tiam
290 3518 340 3557 om.
359 3503 387 3556 P
485 3501 555 3570 quod
573 3499 661 3556 ΕΗΒ
762 3500 921 3553 3111111111
938 3516 1016 3554 onere
1035 3504 1099 3564 (rae.
1119 3502 1190 3553 4-5

56 3591 127 3657 litt.)
145 3589 183 3656 Η,
212 3606 238 3642 n.
255 3604 351 3658 ponere
367 3605 384 3643 o
482 3589 652 3655 resumptura
662 3585 769 3654 scripsi,
796 3589 935 3655 sumptura
945 3585 1009 3640 tisri
1020 3584 1055 3650 of.
1068 3588 1123 3640 o.3

58 3680 183 3733 ninaoem
196 3679 308 3741 (seen)
322 3675 350 3730 B
418 3673 686 3728 tremnnerationem
699 3672 733 3738 P,
751 3673 965 3728 remuneratione
977 3687 1012 3727 ee
1025 3671 1081 3725 -nis
1094 3670 1121 3723 B
1154 3743 1165 3752 ⁸

1120 3757 1166 3796 reo

55 3817 77 3871 5
100 3814 213 3868 infernis
236 3814 288 3868 Ho
391 3812 493 3866 leuauit
514 3810 621 3865 PHBo
723 3810 896 3878 pausillulum
919 3810 947 3865 P
1056 3810 1073 3862 6
1095 3808 1190 3861 mortis

56 3902 101 3957 Βι
225 3899 315 3953 uioina
341 3896 423 3963 PRI,
459 3897 544 3951 uicina
571 3902 598 3963 (a
624 3898 705 3963 erae.)
733 3896 776 3959 H,
813 3896 901 3949 uioiut
927 3893 967 3958 B,
1003 3892 1103 3947 uioinia
1129 3891 1190 3947 Iur.

56 3988 135 4047 sosoi.
236 3986 252 4040 ’1
280 3985 325 4054 pia
351 3985 381 4036 Η
483 3984 500 4038 8
526 3982 628 4037 saluum
653 3997 695 4035 me
716 3981 758 4036 feo
784 3982 813 4035 Β
916 3981 950 4037 10
975 3979 1067 4047 (liniue
1093 3978 1121 4033 B

59 4075 95 4129 11
122 4076 149 4126 et
166 4072 250 4141 patris
268 4088 285 4126 o
303 4072 369 4138 (exo.
392 4067 459 4133 001.)
565 4068 872 4122 tenerenturne
974 4067 1046 4120 inorir
1065 4071 1079 4118 1
1096 4066 1124 4119 P

58 4161 99 4219 13
118 4158 266 4212 mmestatae
283 4156 311 4210 B
396 4155 543 4209 indiuisam
561 4155 590 4208 P
677 4155 709 4209 15
726 4152 795 4223 qnod
814 4155 883 4208 Par.
902 4154 981 4209 Areo.
1070 4152 1101 4206 16
1119 4166 1190 4206 aser-

56 4245 147 4303 110111
164 4243 198 4298 Η
294 4242 393 4309 Iudaeo
410 4255 504 4327 ungens
523 4240 550 4293 P
653 4242 684 4294 17
703 4241 825 4296 cantatis
843 4240 877 4294 H
970 4238 1075 4294 adierat
1092 4237 1127 4293 Η

113 4364 148 4419 1.
759 4445 766 4459 .
1106 4361 1140 4415 18
