2774 4830
534 308 685 379 Remigii
709 309 885 380 expositio.
1210 312 1272 379 327

147 502 261 561 inuenit
282 501 312 561 in
334 519 366 562 se
389 503 543 563 conuertit.
588 502 736 577 Helias,
760 505 785 565 si
809 506 936 564 mutetur·
957 522 974 562 a
997 504 1025 563 in
1048 520 1064 563 o
1087 506 1116 563 et
1139 506 1383 563 acosntnsv.1es-

146 605 178 665 in
200 605 305 665 ultima
328 606 376 677 sit,
400 606 492 664 helios
514 607 541 663 ·i·
565 606 618 667 sol.
654 606 754 667 Helias
773 608 981 682 interpretatur
996 606 1066 665 deus
1081 624 1164 666 mens
1179 608 1272 667 domi·

145 727 217 782 nus,
252 709 300 770 hel
333 710 419 779 deus,
454 708 583 783 imens,
621 727 653 769 as
690 710 831 770 dominus.
877 710 1016 770 Coetus
1053 709 1129 783 apud
1165 708 1273 769 latinos

146 813 297 873 masculini
320 813 444 886 generis,
468 814 542 886 apud
564 829 682 886 graecos
705 813 801 873 neutri
829 816 875 871 est
896 820 956 873 τοῦ
979 810 1099 891 κήτους
1124 815 1154 872 et
1175 812 1274 886 plura·

119 915 215 975 aliter
237 914 277 975 τὰ
299 908 395 995 κήτή,
430 916 495 975 inde
525 919 603 975 coste
636 916 756 990 grandia
789 915 923 990 legimns,
959 916 1092 975 hebraice
1125 915 1274 976 leuiathan

143 1018 261 1077 dicitur.
299 1019 513 1091 Depositum
536 1019 563 1077 d·
587 1018 824 1078 commendatum.
863 1019 1037 1091 Spirante
1059 1018 1086 1075 ·i·
1105 1017 1272 1080 auxiliante.

143 1121 351 1180 Babilonia
373 1121 400 1178 ·i·
423 1138 506 1195 quam
530 1120 792 1181 Nabuchodonosor·
819 1123 958 1180 erexerat.
1001 1120 1270 1181 Achemeniam.

142 1225 345 1297 dehonorans,
373 1241 422 1283 rea
445 1224 629 1299 Parthorum,
658 1224 714 1282 fuit
742 1225 817 1283 tanti
838 1218 965 1295 furoris,¹
984 1226 1016 1283 ut
1037 1225 1064 1283 si
1087 1224 1177 1283 semel
1200 1226 1273 1283 iras·

142 1332 267 1399 ceretur,
291 1327 370 1386 nullo
394 1328 474 1386 modo
502 1326 610 1400 placari
638 1329 747 1400 posset,
771 1344 917 1400 quousque
940 1326 996 1384 XII
1018 1325 1148 1387 hominos
1171 1328 1273 1387 immo·

101 1430 284 1493 solarentur.
324 1430 411 1489 Cuius
444 1430 517 1488 iram
546 1429 601 1488 iste
629 1429 764 1490 habebat.
808 1430 837 1487 N
843 1429 871 1487 il
906 1432 1037 1489 urente
1067 1446 1152 1503 rogo
1183 1431 1208 1490 ·i·
1230 1430 1272 1489 nil

141 1532 314 1593 incendente
336 1534 414 1606 igne.
442 1532 541 1606 Bogus
563 1536 610 1592 ost
633 1534 801 1592 coadunatio
821 1533 974 1606 lignorum.
1011 1533 1152 1593 Vecors
1167 1534 1194 1592 ·i·
1211 1534 1273 1593 siue

140 1639 236 1708 corde,
259 1655 296 1695 ue
318 1654 369 1709 pro
392 1652 448 1696 nou
472 1634 599 1709 ponitur,
623 1636 697 1696 sicut
721 1653 844 1696 uesanus
860 1638 887 1696 ·i·
903 1654 959 1696 non
975 1654 1072 1697 sanus.
1105 1637 1272 1696 Pecudee

140 1741 176 1797 de
199 1740 368 1813 minoribus,
390 1755 493 1812 pecora
516 1740 550 1797 de
573 1737 701 1799 maribus
717 1739 847 1799 dicimus.
886 1739 1044 1815 Septena
1065 1740 1229 1813 tempora
1244 1740 1271 1798 ·i.

130 1841 200 1900 ull
216 1860 315 1903 annos.
340 1847 367 1900 Α
383 1846 464 1915 parto
486 1844 587 1911 totum,
611 1859 685 1900 unus
701 1844 823 1916 quisque
846 1843 922 1900 onim
945 1858 1037 1901 annus
1053 1841 1116 1901 1111
1139 1845 1272 1916 tempora

99 1946 242 2005 rslrabet.
287 1945 463 2004 Hirsutus
493 1945 520 2004 -i·
549 1943 668 2016 pilosae,
698 1947 766 2019 quia
795 1945 826 2003 in
849 1946 963 2004 modum
985 1944 1146 2018 aquilarum
1169 1944 1222 2018 pili
1240 1948 1271 2004 et

139 2064 253 2120 ungues
267 2048 329 2106 eins
346 2050 537 2107 exercuerant.
575 2048 648 2106 Nec
670 2049 793 2107 minus
815 2066 839 2106 s.
857 2048 1005 2119 similiter,
1028 2047 1180 2120 figuraest
1197 2062 1271 2121 quae

138 2149 240 2209 litotes
274 2150 388 2223 dicitnr,
422 2168 486 2209 cnm
515 2151 569 2209 duo
599 2150 774 2223 abnegatiua
803 2151 914 2210 iaciunt
936 2168 1023 2210 unum
1045 2150 1269 2210 adfirmatinum.

137 2253 321 2326 Tyranni,
344 2255 485 2327 tyrannm
509 2256 583 2327 apud
602 2255 726 2313 Graecos
748 2271 799 2328 pro
823 2271 891 2326 rege
907 2254 1033 2328 ponitur,
1056 2256 1132 2327 apud
1150 2254 1270 2315 Latinos

137 2372 208 2413 uero
230 2373 281 2428 pro
309 2358 441 2415 inuasere
465 2357 575 2416 alienae
598 2358 798 2431 possessionis.
843 2359 961 2419 Belua
983 2358 1183 2433 trissyllabum
1206 2363 1269 2434 est3

94 2458 278 2521 aoresolutio
295 2460 325 2517 in
343 2462 444 2529 metro,
468 2462 498 2519 et
511 2459 609 2533 posuit
624 2461 802 2533 singularem
819 2478 969 2521 numerum
985 2479 1038 2535 pro
1053 2462 1172 2536 plurali.
1195 2462 1269 2522 ·VII·

137 2562 218 2619 enim
248 2562 366 2620 luerunt
395 2563 500 2621 leones.
546 2562 585 2621 ln
616 2562 797 2625 faucibus.
832 2564 940 2623 Fauces
969 2568 1037 2623 sunt
1067 2564 1212 2634 maxillae,
1240 2566 1270 2624 et

136 2665 275 2724 dicuntur
297 2664 394 2723 fauces
418 2683 435 2724 a
457 2665 524 2737 lage
545 2666 572 2724 ·i.
596 2666 751 2725 comedere.
788 2665 854 2725 Dic
876 2666 949 2728 ubi.
986 2667 1041 2725 Per
1070 2667 1268 2741 recapitulati·

136 2784 221 2825 onem
243 2767 397 2841 alloquitur·
419 2769 550 2826 naturam
573 2768 627 2826 snb
649 2768 886 2842 interrogatione,
909 2788 993 2844 quarn
1017 2774 1101 2843 poeta
1126 2769 1197 2829 iacit
1212 2770 1269 2829 sibi

136 2871 344 2943 quodammodo
374 2870 555 2943 respondere.
600 2870 668 2940 Qui
698 2874 854 2931 tartara.
888 2872 972 2932 llodo
1000 2873 1157 2932 introducit
1187 2873 1268 2932 illam

92 2973 222 3045 asquasi
243 2973 299 3031 sibi
322 2973 550 3045 respondentem.
596 2976 712 3033 Anum
736 2974 762 3032 ·i·
786 2974 923 3037 notulam.
957 2976 1031 3035 Sara
1052 2976 1108 3035 duo
1136 2975 1268 3049 patieba-

135 3080 205 3145 tur,
242 3093 307 3133 nam
343 3092 415 3134 anus
451 3080 515 3134 erat
550 3080 580 3133 et
618 3076 735 3136 sterilis.
781 3078 822 3135 Iu
860 3094 1011 3149 anguem
1041 3078 1068 3136 ·i·
1100 3080 1266 3139 draconem.

136 3178 284 3236 Nimbis
318 3179 345 3236 ·i·
378 3178 493 3251 pluuiis.
538 3177 619 3237 liliis
658 3179 748 3238 lsrael
785 3179 863 3238 Deus
899 3181 1018 3253 pluebat
1053 3198 1181 3254 manna;
1219 3180 1266 3241 illi

136 3278 273 3339 uidentes
296 3279 428 3338 dixerunt
450 3281 566 3359 manhu,
589 3284 663 3354 quod
686 3282 895 3356 interpretatur
920 3280 1057 3369 ‘quidest
1075 3279 1163 3344 hocl’
1185 3284 1264 3345 ideo·

134 3398 193 3456 que
221 3384 301 3442 cibus
329 3383 379 3442 ille
408 3401 513 3443 manna
542 3384 657 3444 dicitnr.
702 3384 897 3456 Volucres,
931 3386 1064 3447 uolucres
1090 3385 1266 3447 dicuntura

91 3486 238 3547 arci-ebro
272 3487 378 3546 uolatu.
423 3487 508 3546 Tria
541 3488 665 3547 lustra
710 3489 737 3547 ·i·
771 3489 829 3548 tria
861 3490 1066 3563 quinquennia.
1112 3491 1202 3550 Viro
1233 3507 1264 3549 ·s-

132 3589 284 3651 Ezechiae.
320 3590 420 3649 Graeci
443 3607 494 3663 per
516 3589 694 3665 Olimpiadas
716 3591 743 3649 d·
766 3608 816 3664 per
840 3592 1058 3664 quadriennium
1073 3592 1265 3652 numerabant

132 3708 190 3751 sna
212 3694 349 3766 tempora,
372 3692 493 3753 Romani
515 3710 583 3753 uero
604 3711 657 3769 per
678 3694 804 3753 lustrum
825 3694 852 3753 ·i·
873 3713 925 3768 por
940 3696 1179 3770 quinquennium,
1195 3696 1264 3770 quia

131 3796 238 3871 quinto
261 3814 333 3855 anno
355 3796 536 3871 redintegrat
558 3798 601 3859 sol
624 3816 707 3857 suurn
722 3802 826 3861 ortum.
848 3800 925 3859 Nam
941 3800 1050 3872 primus
1065 3816 1160 3858 annus
1176 3798 1264 3859 habet

131 3900 198 3958 dies
227 3898 370 3959 CCCLXV
399 3903 427 3959 et
455 3918 539 3959 unum
568 3900 769 3976 quadrantem,
798 3901 940 3961 secundus
974 3904 1003 3961 et
1030 3900 1135 3959 tertius
1169 3918 1263 3961 annus

186 4148 309 4218 aprum
326 4150 366 4213 Β,
397 4150 440 4221 prr
457 4152 485 4205 a
587 4151 763 4205 truncari
780 4150 835 4204 aa
937 4119 1076 4218 sparto?
1097 4152 1125 4217 (r
1142 4166 1161 4202 a
1178 4166 1213 4203 o.
1231 4152 1262 4217 a)

130 4256 166 4405 As
257 4253 289 4307 ll
308 4252 479 4309 adfirmatiue
496 4254 524 4307 B
619 4254 652 4309 21
671 4255 760 4311 leones
777 4242 835 4309 iuer
852 4254 880 4308 Β
975 4254 1010 4307 ‘22
1028 4252 1098 4323 lage]
1116 4268 1152 4308 sc.
1170 4252 1262 4323 lagois

127 4354 213 4407 Μ).
232 4342 328 4403 318‚7
