2774 4830
204 322 266 389 192
701 320 833 376 Sedulii

201 511 401 594 portarum
437 514 601 576 tuarum.
652 510 861 576 benedixit
905 510 1019 576 lilios
1063 512 1150 576 tues
1193 510 1232 578 in
1276 514 1324 593 ts,

202 615 268 696 qui
312 614 445 698 posuit
481 613 584 678 lines
621 617 708 679 tuos
746 633 897 696 paeem,
935 619 966 678 st
1004 617 1115 679 cetera.
1159 616 1323 681 audiamus

202 720 304 800 ipsum
327 735 447 799 quoqne
474 736 579 782 rernm
602 719 739 783 omnium
766 718 958 783 conditorem
985 717 1017 781 in
1047 718 1218 802 euangeliis
1248 718 1322 797 suis,

200 828 393 885 sacrosancte
415 839 556 885 sermone
579 823 664 885 euius
687 839 753 887 esse
775 821 957 886 memorarit
977 819 1059 885 hane
1080 820 1208 886 urbem:
1231 822 1322 899 dieo,

201 923 346 1005 inquit,
368 923 488 989 uobis
509 942 584 989 non
608 926 743 989 iurare
764 926 920 989 omnino
942 926 1355 1007 nequepercaelum,r

201 1025 293 1107 quia
329 1025 497 1092 thronus
530 1028 601 1093 Dei
634 1030 712 1105 est,
757 1046 881 1110 neque
922 1046 990 1109 per
1026 1033 1186 1105 terram,
1230 1028 1322 1110 quia

201 1130 417 1195 scabellum
440 1136 501 1195 est
523 1132 662 1212 pedum
692 1131 794 1208 eius,
819 1149 939 1214 neque
969 1150 1034 1213 per
1062 1129 1320 1208 Hierusalem,

201 1232 294 1313 quia
316 1232 463 1299 ciuitas
485 1235 612 1317 magni
634 1236 740 1318 regis
763 1236 833 1300 est.
864 1236 1024 1317 tamquam
1043 1236 1068 1299 si
1092 1233 1208 1299 diceret
1231 1251 1321 1311 mea,

202 1336 283 1417 quod
305 1338 443 1419 apertius
474 1336 686 1403 dissimulauit
713 1340 883 1421 exprimere
906 1344 941 1403 ut
971 1335 1148 1403 humilitate
1170 1337 1320 1403 sermonis

201 1438 323 1503 eulmen
347 1458 421 1504 suae
443 1442 592 1522 panderet
614 1440 798 1505 maiestatis.
821 1439 867 1505 ita
889 1442 972 1505 enim
996 1459 1068 1506 eum
1089 1442 1222 1517 deteret,
1252 1458 1354 1507 ama

201 1541 321 1606 monuit
353 1542 471 1607 dicens:
511 1542 653 1608 tellite
685 1543 820 1622 iugum
854 1562 978 1607 meum
1023 1562 1142 1625 super
1181 1561 1249 1608 uos
1284 1544 1320 1607 et

201 1644 351 1709 diseite
373 1662 391 1707 a
412 1664 483 1722 me,
514 1644 604 1727 quie
626 1645 736 1709 mitis
759 1664 842 1710 sum
864 1647 902 1710 et
928 1645 1091 1711 humilis
1114 1647 1238 1712 eorde.
1271 1644 1322 1709 hie

202 1752 250 1811 est
277 1750 330 1813 ubi
357 1748 443 1832 regia
472 1748 569 1814 fuluis
599 1748 671 1813 aula
691 1749 788 1814 tholis
817 1748 962 1828 inradiat,
991 1751 1044 1816 ubi
1066 1756 1173 1833 petens
1196 1750 1317 1832 accipit,

201 1869 351 1933 quaerens
374 1851 506 1930 inuenit,
529 1851 669 1935 pulsanti
691 1869 762 1916 mon
784 1854 943 1934 panditur.

149 1976 190 2039 2⁸
242 1973 303 2038 Hie
323 1973 378 2038 ille
399 1973 553 2055 pretiosus
575 1977 621 2039 est
644 1974 734 2057 lapis,
756 1975 810 2057 qui
832 1974 871 2039 ab
891 1974 1124 2040 aedificantibus
1139 1972 1322 2056 reprobatus
1332 1998 1357 2041 a

200 2076 232 2139 in
254 2077 362 2159 anguli
385 2079 465 2141 nitet
487 2077 588 2159 capite
610 2078 813 2143 constitutus:
836 2080 924 2143 cuius
947 2097 1024 2143 onus
1045 2078 1139 2144 nimis
1161 2080 1230 2144 leue
1252 2096 1323 2142 sen-

201 2180 290 2257 titur,
314 2180 401 2244 euius
423 2180 534 2263 iugum
557 2199 651 2246 suane
674 2182 843 2264 plurimum
865 2181 1094 2266 conprobatur.-

242 2301 345 2383 Igitur
380 2320 435 2384 per
473 2302 595 2383 digesta
627 2304 778 2384 quaedam
814 2302 927 2367 ueteris
959 2303 1139 2369 testamenti
1168 2301 1322 2367 miraeula

201 2404 382 2484 retulimus,
415 2422 568 2486 quaenam
598 2405 691 2469 Pater
713 2405 788 2470 Filii
825 2405 978 2471 consortie
1007 2407 1172 2488 sanctoque
1200 2403 1320 2486 Spiritu

201 2525 308 2572 seeum
330 2507 464 2590 gesserit
487 2508 668 2572 constitute.
690 2526 744 2590 per
766 2507 887 2591 digesta
909 2509 1053 2574 similiter
1077 2510 1225 2590 quaedam
1248 2507 1360 2573 neuin

201 2609 383 2675 testamenti
413 2610 566 2675 miraeula
588 2611 765 2692 referemus,
797 2630 950 2694 quaenam
973 2612 1073 2676 Filius
1094 2614 1229 2677 Paterno
1251 2628 1323 2675 eon·

201 2712 296 2778 sertio
319 2717 485 2795 sanctoque
509 2714 627 2795 Spiritu
650 2734 757 2780 seeum
778 2716 910 2801 gesserit
933 2716 1111 2795 eonstitute,
1135 2718 1172 2779 ut
1194 2714 1321 2781 deitatis

201 2835 263 2882 una
295 2817 435 2898 petentia
463 2817 663 2899 inseparabili
692 2835 813 2901 semper
843 2819 961 2883 uirtute
988 2818 1153 2899 conspicua
1184 2821 1217 2882 et
1243 2816 1323 2882 sim-

300 3056 318 3109 4
335 3054 368 3111 cl.
386 3054 487 3110 uesta.
504 3055 529 3118 5,
547 3055 582 3109 34
593 3071 615 3110 s.
720 3057 749 3109 11
773 3053 871 3111 uetat.
890 3056 931 3121 11,
949 3056 983 3109 29

251 3243 353 3331 llili¹0s
370 3242 430 3330 tabe
450 3278 477 3343 (i,
495 3278 505 3330 i
523 3294 588 3332 asa.
600 3278 631 3341 2)
649 3276 681 3344 P,
706 3275 778 3332 filios
790 3280 852 3331 tuos
869 3276 931 3344 He,
958 3276 1023 3331 filiis
1035 3278 1090 3331 tuis
1107 3276 1136 3332 R
1221 3278 1325 3345 dfert.

199 3380 333 3450 euangelii
350 3381 392 3434 sai
410 3383 577 3435 sacrosancte
594 3395 713 3435 sannone
814 3379 907 3434 ldico
924 3383 1012 3434 antem
1030 3397 1046 3435 a
1142 3382 1159 3434 5
1178 3380 1275 3449 inquid
1292 3381 1323 3449 P,

199 3469 434 3587 inquidoeoram.
447 3503 477 3571 2)
490 3503 525 3556 H
607 3502 776 3557 GtronusH
858 3500 1088 3567 lhierusalemP,
1115 3502 1326 3572 iberusolymam

198 3625 241 3689 H,
278 3624 453 3678 hierusolima
470 3623 498 3679 R
600 3588 747 3678 8s'dicsret
765 3624 793 3677 P
891 3623 977 3692 thai
994 3622 1112 3691 apertius
1130 3641 1147 3678 v
1165 3622 1240 3691 (quia
1256 3624 1324 3690 sert.

197 3744 229 3798 a·
245 3743 385 3811 usserat)
480 3742 514 3797 10
532 3716 589 3797 clm
606 3744 634 3798 r
727 3742 981 3798 ammoneremus
1077 3741 1261 3797 130t01is11

199 3845 303 3915 petens]
322 3848 415 3913 petens
433 3845 467 3899 Η
564 3845 597 3899 14
614 3847 731 3914 aperitur
748 3846 783 3898 Η
882 3845 914 3898 15
932 3860 969 3898 nn
986 3858 1088 3899 naemu
1106 3858 1256 3900 ananam
1274 3862 1325 3904 arr

198 3964 248 4004 asu
270 3938 324 4003 155
345 3948 386 4014 R,
416 3965 466 4003 om.
490 3949 542 4002 He
644 3948 704 4002 beie
729 3949 800 4004 Gall.
903 3935 1008 4016 petasus
1030 3948 1070 4004 Β·
1171 3948 1225 4016 est]
1250 3950 1326 4003 enim

197 4070 214 4107 v
317 4052 348 4106 17
375 4052 571 4121 comprobatur]
600 4051 762 4106 Trinitatem
789 4051 907 4107 adstruit
933 4052 1057 4106 aduersus
1084 4051 1196 4105 Arrium
1223 4056 1254 4107 et
1279 4054 1328 4109 Sa·

199 4156 343 4210 belliume
446 4156 479 4211 19
496 4172 636 4225 quenamq;
655 4157 683 4210 P
781 4156 813 4210 21
838 4156 976 4211 referimus
994 4157 1026 4224 P,
1061 4156 1206 4211 referamur
1225 4158 1265 4213 Η

198 4259 232 4313 23
250 4258 435 4327 inseparabilis
452 4259 480 4313 P
