2774 4830
183 322 244 387 172
674 317 810 372 seruus

180 510 314 576 uiscrem
340 510 508 577 tarditatis.
539 510 694 593 siquidem
727 512 830 575 multa
851 530 906 594 pro
930 510 1076 576 metricae
1106 510 1308 576 necessitatis

182 615 329 697 angustia
351 615 447 696 priori
471 616 692 679 commentario
708 633 904 697 nequaquem
920 615 1067 679 uidentur
1081 615 1212 681 inserta.
1228 632 1309 697 qnae

180 720 379 801 postmodum
406 718 531 802 linguae
558 719 706 783 resolutio
735 718 836 802 magis
864 722 912 783 est
937 718 1094 801 adsecuta,
1128 718 1308 783 dederimus

181 820 256 887 binc
277 822 414 904 aliquem
437 820 567 887 forsitan
590 820 849 887 obtrectatoribus
865 822 959 897 uiam,
982 823 1148 903 dicentque
1163 824 1308 888 nonnulli

179 924 274 989 fidem
296 925 511 989 translationis
540 944 608 989 esse
631 928 820 1007 corruptam,
850 926 925 1006 quia
953 925 1034 989 certa
1063 924 1208 990 uidelicet
1231 932 1340 990 sunts

180 1028 213 1092 in
235 1030 373 1095 oratione
396 1048 475 1112 quae
497 1048 559 1094 nou
582 1029 735 1094 habentur
757 1028 790 1092 in
813 1029 961 1095 carmine.
983 1028 1010 1091 si
1026 1030 1079 1110 qui
1095 1032 1202 1093 tamen
1219 1028 1306 1095 istud

177 1130 331 1209 obiciant,
367 1132 576 1197 tuciuntne
608 1132 894 1214 intellegendo,
928 1135 970 1197 ut
1001 1131 1106 1196 nibil
1141 1132 1305 1198 intelle-

177 1236 296 1317 gant?
317 1254 392 1301 nam
414 1238 440 1301 si
459 1240 514 1299 aut
530 1236 703 1301 saeculares
719 1236 842 1301 litteras
857 1235 996 1302 adsecuti
1013 1240 1068 1300 sut
1082 1235 1199 1301 diuinis
1214 1236 1305 1300 uide-

179 1339 294 1403 buntur
327 1338 418 1404 libris
451 1339 607 1421 instructi,
637 1340 750 1405 debent
790 1340 932 1422 exempla
964 1344 1107 1404 ueterum
1145 1359 1305 1405 recensere

125 1519 132 1531 .
176 1441 496 1508 neosimilialecerere
507 1446 658 1509 conentur
668 1443 791 1508 iniuste.
809 1448 994 1527 cognoscant
1004 1444 1302 1525 Hermogeniannm‚
1312 1467 1339 1506 ro

178 1545 395 1611 doctissimum
418 1546 638 1623 iurislatorem,
668 1552 732 1612 tres
755 1548 904 1613 editiones
927 1547 975 1611 sui
997 1549 1098 1629 operis
1121 1547 1302 1625 coniecisse,

177 1654 362 1731 cognoscant
373 1651 598 1732 peritissimum
611 1651 736 1716 diuinae
745 1652 827 1734 legis
835 1650 1011 1735 Origenem,
1025 1650 1127 1715 tribus
1140 1650 1302 1717 nibilomi-

178 1770 236 1817 nus
269 1753 458 1819 editionibus
492 1774 584 1838 prope
612 1760 725 1821 cnnota
753 1774 831 1838 quae
866 1755 1015 1821 disseruit
1043 1755 1210 1836 eptauisse.
1245 1774 1304 1821 neo

180 1874 286 1922 sorum
308 1858 462 1943 quispiam
477 1860 630 1925 mordacis
645 1860 773 1944 linguae
787 1861 943 1925 laceratur
957 1858 1082 1937 iniuria,
1106 1877 1178 1922 cum
1197 1859 1303 1941 potius

175 1960 248 2027 inde
272 1961 372 2027 leudis
391 1967 618 2045 consequentur
632 1966 810 2045 augmenta,
833 1962 915 2045 quod
930 1962 1133 2044 prouectibus
1148 1962 1302 2027 uberioris
1313 1980 1338 2019 rs

175 2062 298 2148 ingenii
321 2066 519 2151 diligentiore
542 2068 682 2148 posteros
703 2066 764 2130 fide
785 2065 954 2130 noscendae
977 2064 1121 2129 ueritatis
1144 2066 1302 2130 instruxe-

173 2167 247 2233 rint.
272 2168 359 2233 aliud
385 2186 518 2251 namque
546 2172 595 2233 est
616 2170 739 2233 mutere
769 2168 941 2251 composite
968 2170 1000 2232 et
1028 2167 1114 2232 aliud
1143 2169 1302 2252 integrare

174 2289 235 2336 non
256 2270 357 2353 plena.
381 2272 525 2353 quamuis
547 2272 649 2354 spatia
664 2272 788 2337 diuinae
808 2271 887 2353 legis
908 2272 1061 2346 inmensa,
1085 2270 1199 2353 quibus
1216 2271 1302 2337 dicta

174 2392 295 2456 semper
327 2375 505 2440 adiciuntur
539 2379 572 2441 et
602 2376 726 2457 desunt,
760 2376 847 2441 uelut
870 2393 956 2439 mare
979 2373 1147 2439 fluuiorum
1170 2377 1300 2457 penitus

173 2475 365 2542 incrementa
399 2496 460 2543 non
496 2478 653 2557 sentiens,
686 2477 783 2543 nullis
814 2478 976 2542 terminari
1003 2477 1144 2543 sensibus
1173 2480 1337 2560 queuntes

273 2698 341 2753 aer.
360 2699 464 2755 Terent.
483 2702 566 2755 Andr.
585 2703 652 2771 prol.
671 2702 704 2755 17

222 2904 237 2957 1
264 2870 377 2960 uiseriem
403 2906 425 2971 (i
449 2923 467 2960 a
489 2923 524 2960 ru.
541 2909 572 2973 2)
600 2908 633 2971 P,
669 2908 754 2961 uisere
780 2908 820 2971 R,
856 2907 968 2961 uisersm
994 2907 1030 2960 H
1128 2906 1244 2961 traditas
1272 2908 1299 2974 1,

170 2998 319 3055 Traditus
422 3004 577 3056 3assccuta
599 3004 670 3058 RH²
777 3004 795 3057 4
818 3003 937 3072 aliquam
959 3003 1071 3057 forsitan
1096 3018 1145 3056 om.
1170 3020 1199 3067 o,
1227 3019 1298 3057 eros.

169 3094 200 3147 in
226 3095 260 3149 H
375 3098 392 3151 5
421 3104 541 3167 correpta
567 3100 626 3153 RH
744 3099 817 3168 quia]
845 3099 856 3151 i
881 3114 950 3153 corr.
977 3115 1011 3151 ru.
1036 3100 1056 3151 2
1082 3098 1110 3151 P
1227 3100 1300 3151 certe

168 3214 202 3267 Η
313 3216 460 3285 eques>
574 3219 663 3287 siquid
689 3220 717 3273 r>
834 3192 1067 3274 iresterna?
1178 3218 1220 3287 ne]
1248 3234 1299 3271 nae

168 3299 258 3363 Arca,
286 3316 333 3355 nce
355 3302 426 3356 Gall.
438 3304 622 3373 earmreiiqois
630 3310 747 3373 patrum
759 3304 921 3360 bibliothecis
1006 3304 1184 3372 intelligendo
1203 3319 1237 3358 ee
1255 3304 1298 3357 in·

167 3385 319 3455 tellegendo
338 3389 419 3442 P¹H²
509 3392 567 3460 aut]
584 3392 680 3446 iseros.
693 3392 883 3445 titt.ruia.scr.
902 3391 941 3456 R,
971 3391 1035 3443 sim
1051 3391 1090 3451 Η,
1120 3390 1229 3443 sicut!

168 3486 230 3525 nam
257 3473 281 3526 si
305 3474 450 3529 saeculares
476 3492 493 3531 o
595 3478 612 3531 8
638 3478 766 3531 seculares
793 3479 850 3532 PH
951 3479 1065 3531 assecuti
1091 3477 1119 3531 R
1222 3479 1240 3531 9
1265 3476 1297 3529 in

167 3556 244 3611 libris
271 3559 299 3613 P
410 3562 443 3616 10
468 3577 501 3615 ne
525 3580 542 3617 e
655 3564 685 3617 11
714 3563 843 3617 edieiones
870 3563 903 3616 Η
1012 3564 1045 3617 12
1071 3562 1142 3617 nibil
1169 3562 1297 3616 hominus

166 3642 194 3699 R
311 3646 344 3701 13
369 3650 529 3718 propecunie
555 3649 596 3713 R,
631 3649 825 3719 prspeuusunta
851 3650 883 3704 H
997 3649 1155 3704 disseruisse
1171 3649 1213 3715 R,
1250 3648 1298 3703 de·

166 3748 252 3803 seruit
277 3748 313 3803 H
412 3752 445 3805 14
470 3758 535 3805 onte
561 3767 619 3806 enm
646 3768 750 3807 rasura
775 3753 806 3807 ia
832 3752 868 3806 H
973 3753 1006 3806 lb
1031 3731 1178 3820 conseqnat
1200 3752 1230 3807 P

164 3838 318 3907 augmenta]
338 3854 383 3907 gm
401 3854 471 3894 corr.
490 3857 524 3893 m.
543 3845 567 3903 1,
585 3857 606 3894 s.
626 3842 644 3896 1.
664 3840 727 3894 add.
745 3857 779 3894 m.
797 3842 817 3895 2
835 3842 864 3895 P
964 3839 1035 3908 qnod
1051 3856 1076 3905 u,
1106 3855 1159 3908 quo
1177 3840 1213 3904 P,
1243 3854 1300 3908 qna

165 3920 203 3988 R,
232 3924 294 3991 qlllll
310 3924 343 3977 Η
443 3926 610 3995 prou-nibus
628 3930 668 3991 H,
700 3927 910 3996 presentibuso
1014 3926 1047 3981 16
1070 3927 1257 3981 instruxerunt
1281 3945 1299 3981 c

166 4008 234 4075 (eae.
252 4008 321 4072 Col.)
426 4012 458 4065 17
476 4011 552 4066 aliud
570 4016 611 4067 est
629 4029 743 4082 nomque
761 4014 834 4068 PHv
931 4016 1007 4067 mutu
1024 4013 1060 4067 H
1159 4012 1300 4082 integrm

164 4094 313 4149 nuenaH
395 4100 537 4168 integrare.
556 4098 626 4153 Nam
643 4116 659 4153 e
747 4102 779 4155 18
791 4100 1067 4170 spatia]sum.2P,
1094 4100 1230 4168 speciali

165 4176 214 4243 imp
230 4194 323 4235 mensa
341 4182 395 4240 PR
486 4187 518 4239 19
536 4184 706 4241 addiciuntur
724 4187 752 4240 P
836 4186 916 4241 uelud
934 4186 967 4240 Η
1057 4186 1179 4255 paenitus
1199 4187 1228 4241 P

164 4262 199 4319 ab
215 4270 320 4335 quma
338 4269 371 4335 P,
400 4274 512 4339 querant
531 4276 556 4338 (a
576 4278 653 4335 cras.)
673 4272 701 4328 R
