2774 4830
439 320 595 377 Pasolral
608 321 727 390 Operis
747 322 818 377 Lib.
835 321 873 377 11.
1158 324 1222 391 215

85 529 184 594 quam
200 509 306 576 Iesum
322 511 444 593 paterni
460 511 604 577 claritate
618 511 771 578 sermonis
787 511 845 577 Dei
861 513 980 579 Filium
996 531 1061 579 esse
1076 516 1222 598 cognouit

89 613 291 697 eiusdemque
312 614 487 696 potentiam
508 615 700 698 singularem
722 614 930 701 quadraginta
950 614 1062 681 diebus
1088 618 1121 682 et
1144 634 1221 699 qua·

88 718 237 803 draginta
259 719 401 784 noctibus
421 716 501 783 nihil
516 719 672 784 noscentis
686 718 813 801 expauit
831 717 918 801 (licet
933 718 1058 803 Moyses
1073 719 1222 785 similiter

89 826 122 888 et
151 821 260 888 Helias
290 820 425 887 totidem
456 821 579 886 dierum
606 821 813 888 sustinuerint
836 820 1037 904 noctiumque
1058 822 1219 903 ieiunium

63 926 144 994 ased
174 927 245 993 illos
280 924 382 992 adano
409 924 505 990 fultos
527 923 642 989 auxilio
665 941 855 1007 quamquam
877 942 932 990 suo
955 924 1068 991 mento
1090 930 1221 991 nouerat

88 1030 165 1097 haec
192 1030 309 1108 secuse,
332 1029 435 1095 lesum
468 1027 594 1110 propria
627 1028 773 1094 cernebat
805 1028 927 1110 operari
956 1027 1101 1110 uirtute),
1132 1047 1219 1112 spem

87 1137 215 1216 repente
237 1131 441 1199 uanissimam
455 1131 572 1197 stultae
588 1129 804 1212 temptationis
819 1130 962 1214 arripuit,
978 1132 1052 1213 quia
1067 1132 1220 1198 Dominus

87 1237 230 1302 esuriuit.
264 1253 321 1301 nec
342 1234 476 1301 audebat
499 1232 628 1317 adgredi
643 1232 855 1312 diuinitatem,
871 1234 932 1300 nisi
945 1233 1081 1301 mixtum
1097 1232 1220 1300 uideret

87 1340 256 1406 hominem.
294 1357 365 1404 mox
397 1337 539 1420 antiquas
570 1336 699 1401 molitus
730 1335 861 1403 insidias
891 1336 1042 1419 ciborum,
1073 1337 1220 1420 inprobos

51 1468 79 1509 ιο
88 1443 176 1510 dolos
198 1440 326 1509 fallacia
348 1440 516 1506 suseitauit
538 1441 667 1507 adsueta
690 1438 966 1523 demonstransque
987 1441 1115 1522 lapides,
1146 1458 1219 1507 suas

88 1548 191 1632 magis
207 1545 322 1628 epulas,
339 1562 465 1626 serpens
480 1544 540 1609 ait:
557 1544 591 1610 si
607 1544 723 1610 lilius
738 1543 810 1609 Dei
832 1562 886 1622 es,
910 1544 974 1609 dio
995 1548 1040 1609 ut
1061 1543 1219 1629 lapides

87 1650 159 1716 isti
186 1667 303 1732 panes
326 1648 447 1727 fiant,
472 1648 560 1732 quasi
583 1667 643 1713 non
666 1652 771 1731 posset
792 1648 852 1715 hoc
874 1648 983 1727 iacere,
1007 1649 1061 1731 qui
1083 1648 1145 1715 tale
1169 1650 1219 1715 iu·

85 1754 168 1836 giter
191 1771 268 1835 opus
287 1769 430 1817 exercens
446 1752 485 1817 de
499 1750 598 1817 saxeis
615 1755 716 1817 terrae
732 1751 903 1816 uisceribus
918 1751 1063 1834 producit
1079 1754 1217 1837 segetem

86 1856 203 1939 frugali
226 1855 312 1920 uictu
336 1861 559 1939 praegnantem
581 1859 613 1921 et
635 1854 738 1936 spicea
759 1853 908 1920 messium
931 1854 1085 1921 densitate
1115 1857 1217 1921 cautis

51 1985 78 2025 aa
87 1958 280 2024 nutrimento
303 1960 463 2024 crescente
485 1958 575 2041 panis
590 1957 716 2023 uberem
732 1958 837 2025 cibum
860 1955 897 2023 de
913 1956 1056 2041 lapidum
1071 1958 1217 2024 fecundi-

85 2064 152 2128 tate
184 2061 327 2145 largitur.
367 2061 421 2127 sed
451 2062 566 2126 maluit
594 2061 748 2144 sapientia
770 2060 940 2145 singularis
961 2060 1095 2145 gloriam
1119 2061 1216 2127 mira·

86 2167 157 2231 bilis
191 2164 266 2230 facti
297 2171 503 2239 contemnere,
535 2184 574 2228 ne
603 2163 820 2246 repetitionem
854 2164 1069 2248 temptationis
1101 2164 1217 2230 admit·

84 2271 174 2334 teret.
199 2271 283 2336 Deus
306 2269 387 2334 enim
410 2269 570 2334 credentes
592 2268 734 2349 suscipit,
758 2269 947 2350 temptantes
970 2268 1114 2335 excludit.
1142 2285 1215 2333 nam

83 2373 216 2455 populus
239 2371 361 2438 Israhel
383 2373 421 2438 ob
443 2372 501 2436 lroo
524 2373 639 2454 legitur
657 2372 757 2437 Deum
781 2372 945 2437 offendisse
961 2391 1056 2454 quam
1070 2370 1215 2451 maxime,

43 2476 160 2558 asquia
188 2474 409 2542 beneficiorum
440 2477 505 2542 eius
534 2474 660 2554 oblitus,
690 2475 845 2556 temptare
873 2492 968 2541 ausus
997 2479 1046 2540 est
1075 2493 1156 2555 eum,
1180 2478 1217 2539 ut

83 2597 158 2643 cum
180 2578 397 2661 desperatione
419 2580 540 2662 peteret
563 2578 733 2659 epulatum.
772 2579 809 2643 de
834 2596 966 2660 quorum
989 2582 1021 2643 et
1036 2578 1159 2661 Moyses
1182 2580 1213 2644 in

83 2684 175 2749 libris
205 2683 270 2749 suis
298 2682 520 2749 incredulitate
549 2699 609 2747 non
644 2682 743 2746 tacuit
773 2685 803 2745 et
833 2683 936 2747 Dauid
964 2683 1010 2747 ita
1037 2699 1214 2747 memorans
1280 2692 1283 2697 '

140 2973 248 3043 lthm
266 2988 294 3042 Β
396 2987 471 3042 3nil
489 2987 545 3043 ΒΒ
647 2990 788 3058 noscentis]
808 3005 830 3057 e²
850 3004 884 3043 es
901 2988 918 3041 b
936 2988 969 3043 Η
1068 2986 1171 3056 Moyses
1188 2990 1216 3041 et

80 3109 178 3164 Helias
197 3110 224 3163 Β
327 3109 345 3162 4
367 3108 442 3164 Elias
464 3124 481 3163 o
578 3081 737 3162 sustinuerit
754 3124 770 3161 n
789 3125 807 3161 a
824 3110 891 3164 m.2
910 3108 936 3161 Ρ
1027 3108 1215 3177 bquanquam

80 3197 112 3251 P
195 3196 279 3249 fultos
298 3198 324 3262 (o
342 3210 377 3249 es
395 3204 422 3259 u)
443 3195 470 3248 Β
557 3195 653 3249 theco
672 3193 792 3257 PHBo,
825 3193 874 3247 hoo
892 3194 918 3261 (o
936 3208 1007 3248 corr.
1025 3194 1057 3248 ia
1075 3196 1100 3263 et
1119 3194 1147 3250 R

79 3281 192 3352 proprio
216 3280 244 3335 Β
347 3296 426 3350 opera
449 3281 483 3333 H
582 3281 714 3334 uirtutem
738 3279 766 3333 P
867 3279 882 3330 t
905 3278 1078 3333 uanissimam
1097 3294 1113 3332 a
1131 3280 1214 3334 stulto

78 3368 110 3421 P
194 3367 278 3420 stulte
295 3366 338 3420 Ηι
424 3366 554 3420 Sasuriit
572 3366 599 3419 P
682 3365 793 3435 aggredi
812 3368 852 3433 (g¹
868 3380 902 3419 ete
916 3364 944 3431 d)
963 3365 998 3430 P,
1027 3365 1139 3435 aggredi
1157 3364 1219 3421 RH

79 3455 133 3508 Bo
219 3454 338 3521 myrtum
351 3467 376 3535 ¹.¹¹
390 3452 418 3505 P
483 3451 746 3516 uideretetPRH¹3
763 3452 853 3505 otom.
866 3451 917 3515 Bo,
938 3450 1041 3515 sostei
1109 3451 1215 3507 emor-

75 3572 149 3639 quaa
167 3557 194 3609 P
285 3554 410 3609 ruo-litua
428 3554 449 3619 (l
468 3559 548 3621 eros.)
566 3554 602 3620 Β,
631 3554 981 3611 molituruscoai.11ortel
1072 3556 1214 3627 inprobum

77 3662 115 3723 P,
142 3659 267 3728 inprobos
286 3663 321 3727 (o²
342 3675 376 3713 ex
394 3664 422 3722 u)
440 3656 481 3723 Β,
507 3658 633 3727 inprobas
650 3658 693 3712 Η1
711 3664 729 3712 u
746 3674 816 3714 corr.
830 3676 865 3714 m.
876 3662 907 3726 2,
935 3660 1068 3728 improbos
1085 3660 1122 3729 Β,
1147 3662 1214 3728 sort.

75 3761 218 3830 improbus
311 3760 344 3814 10
361 3761 470 3814 adsueta
489 3762 524 3815 Ρι
611 3761 857 3833 demonstraueque]
876 3778 938 3816 rana
956 3763 987 3817 a'a
1004 3778 1059 3817 roc.
1077 3766 1097 3818 2
1114 3762 1149 3819 H

78 3884 117 3939 12
133 3864 304 3938 hoc¹acereP
379 3882 411 3936 13
429 3854 499 3936 saa‘ia
512 3882 547 3944 Β,
577 3884 792 3951 sax-*spiceae
805 3888 833 3951 2)
851 3884 885 3939 H
960 3884 1148 3953 refragium

73 3978 178 4048 spicea]
192 3978 202 4030 i
214 3978 246 4031 ia
257 3992 313 4030 ros.
326 3993 360 4029 or.
372 3980 398 4041 2,
416 3992 430 4030 e
443 3993 477 4031 ea
490 3976 499 4028 i
512 3992 581 4031 corr.
594 3993 627 4031 m.
640 3978 711 4043 211,
739 3979 841 4048 spiocat
847 3978 883 4047 (1)
896 3980 923 4033 Β
1010 3981 1042 4034 17
1054 3978 1212 4049 petitionem

73 4072 251 4141 temptatoris
269 4070 349 4125 ΗΒυ
453 4071 592 4125 amitteret
609 4071 668 4139 ΡΒ,
700 4074 865 4128 ammitteret
883 4073 963 4139 11¹3,
993 4073 1150 4128 admitteret
1168 4074 1214 4128 aad

73 4174 257 4231 amittereto
345 4175 377 4229 19
404 4156 446 4229 hoc
473 4175 508 4230 H
590 4175 667 4230 deum
694 4177 796 4247 legitur
820 4176 876 4233 RB
962 4178 995 4231 21
1021 4180 1150 4248 ”peteret
1174 4180 1213 4247 (re

71 4264 160 4327 eras.)
179 4261 206 4314 P
305 4261 426 4315 decorum
445 4261 473 4314 P
572 4266 599 4315 et
617 4278 667 4317 om.
686 4262 732 4318 He
