2774 4830
428 340 582 397 Paschal.
601 341 720 411 Operis
736 340 807 399 Lib.
825 342 848 397 Ι.
1139 345 1198 413 191

74 533 140 599 tias
162 532 350 616 castigamus
372 549 499 609 errores,
523 532 577 596 aut
598 529 666 596 lilia
682 532 781 596 nimio
795 531 902 597 decoro
918 534 1089 598 molissima
1104 534 1199 599 rubus

76 655 169 721 asper
190 640 299 701 exurat
322 641 377 700 aut
400 654 454 717 per
475 634 607 699 uiolaria
628 633 764 699 florentis
782 636 884 718 campi
899 655 1053 718 purpurea
1068 638 1199 703 carduus

73 740 108 804 et
129 738 260 821 spinosis
279 741 419 804 armatus
435 738 551 802 aculeis
566 737 705 819 paliurus
722 744 876 821 exsurgat.
901 738 996 821 igitur
1012 740 1198 823 increpando

74 844 140 908 iam
163 844 239 906 satis
261 844 310 906 est
332 841 413 924 quod
441 840 586 904 humanis
609 839 763 905 erroribus
791 841 851 906 ooli
873 846 1012 906 monstra
1033 844 1199 909 derisimus

48 947 128 1013 suel
150 946 254 1029 potius
276 947 356 1011 tales
378 946 467 1010 actus
489 945 664 1010 miserando
688 944 879 1010 defleuimus.
902 964 985 1010 nunc
1007 965 1060 1028 per
1081 948 1197 1030 incepti

73 1051 164 1115 iuuat
201 1052 246 1114 ire
282 1048 418 1114 tramitis
457 1049 637 1113 institutum
670 1051 867 1131 montemque
904 1049 1072 1115 sublimem
1108 1050 1197 1116 firmo

73 1152 173 1237 gradu
196 1151 398 1218 conscendere
414 1156 509 1233 atque
524 1151 563 1215 ad
580 1150 701 1234 urbem,
718 1156 840 1217 nostrae
854 1151 1012 1218 libertatis
1027 1152 1197 1229 auctorem,

72 1258 213 1321 totarum
249 1254 366 1319 uirium
399 1256 501 1319 studio
535 1257 705 1336 peruenire.
743 1255 810 1336 ipsa
845 1256 976 1338 denique
1009 1254 1199 1339 tranquillas

72 1360 159 1442 pacis
188 1360 237 1425 est
265 1359 386 1435 domus,
424 1359 492 1440 ipsa
519 1361 625 1422 tutum
647 1358 760 1423 salutis
789 1356 1014 1436 habitaculum,
1042 1362 1108 1441 ipsa
1129 1379 1199 1442 per·

35 1489 62 1529 ro
73 1463 205 1547 potuum
228 1460 385 1525 libertatis
406 1460 586 1543 hospitium.
609 1460 636 1524 si
659 1461 740 1525 enim
761 1460 800 1525 'de
815 1463 940 1527 terrena
955 1462 1096 1528 mortalis
1112 1464 1199 1546 regni

73 1565 204 1630 ciuitate
226 1565 258 1629 et
279 1584 298 1630 a
321 1564 445 1629 mortali
469 1563 655 1629 fabricatore
677 1564 809 1628 fundata
826 1570 917 1645 poeta
932 1564 1138 1630 saecularium
1154 1568 1199 1631 ita

72 1669 186 1735 cocinit
207 1669 400 1734 litterarum:

113 1789 161 1853 ut
184 1808 280 1871 quaa
302 1792 417 1854 tanta
440 1789 519 1853 fuit
542 1789 700 1855 Romam
722 1790 802 1855 tibi
823 1808 939 1855 causa
963 1788 1147 1854 uidendi?

112 1894 323 1957 Libertas.
345 1940 382 1957 ..

33 2017 187 2097 nonanto
215 2013 317 2097 magis
347 2012 527 2078 caelestium
556 2012 590 2076 in
619 2012 747 2078 ciuitate
782 2030 958 2095 regnorum,
990 2030 1083 2094 quarn
1114 2013 1198 2077 Deus

68 2116 222 2183 Dominus
252 2115 394 2181 instituit
424 2114 606 2193 fabricator,
644 2115 713 2180 iura
741 2119 906 2197 perpetuae
935 2114 1092 2180 libertatis
1130 2131 1198 2180 esse

69 2222 242 2295 credamus,
266 2220 303 2283 de
326 2237 385 2301 qna
410 2222 497 2283 uates
527 2218 572 2284 ait
602 2218 715 2283 talium
746 2219 952 2283 canticorum:
983 2218 1198 2284 aedificans

69 2322 323 2389 Hierusalem
345 2322 552 2400 Dominus,
582 2322 614 2385 et
635 2320 667 2385 in
690 2322 832 2404 sequenti
854 2320 1057 2386 nihilominus
1075 2320 1197 2405 psalmo

69 2424 219 2490 similiter
255 2425 452 2509 explauauit:
496 2424 629 2500 lauda,
666 2424 933 2501 Hierusalem,
982 2425 1197 2501 Dominum,

30 2529 191 2594 mlauda
212 2527 330 2593 Deum
353 2532 469 2605 tuum,
494 2525 595 2606 Sion,
611 2528 799 2609 quoniam
822 2527 1065 2593 coufortauit
1088 2545 1198 2593 seras

173 2771 204 2825 11
224 2770 305 2839 Verg.
323 2768 380 2824 acl.
398 2769 465 2824 126
569 2769 599 2822 ll
618 2768 652 2823 cl.
670 2767 770 2822 Psalm.
788 2768 847 2833 147,
867 2767 900 2820 12
912 2783 932 2820 s.

124 2996 137 3047 1
156 2958 194 3047 rt
212 2993 245 3061 (u
264 3009 282 3046 a
300 3008 334 3047 m.
353 2995 381 3059 2)
400 2992 428 3046 n
526 2958 640 3046 neorii*
653 2994 711 3060 (cnr
727 3007 746 3045 a
762 3007 796 3045 m.
814 2992 844 3057 a)
863 2992 890 3045 1>
989 2988 1083 3043 aarum
1105 2988 1133 3043 n

67 3096 186 3166 dquod]
206 3097 254 3165 qui
271 3114 288 3151 o
390 3095 544 3181 durissimus
566 3096 594 3151 P
693 3096 709 3149 5
727 3096 808 3163 nunc]
827 3094 989 3147 Exhortatur
1006 3095 1089 3146 semet
1107 3092 1197 3161 ipsum

67 3199 196 3255 inscribit
214 3218 230 3255 o
317 3199 334 3252 6
351 3198 439 3253 iuuati
457 3215 484 3253 re
501 3199 529 3253 P
611 3200 664 3252 irae
682 3202 710 3267 (a
727 3199 807 3264 erus.)
826 3197 861 3251 H
943 3194 1129 3251 institutnsR

67 3293 264 3376 mintern⁴⁵sun
283 3322 318 3387 (o,
337 3335 362 3390 q;
381 3336 399 3373 a
415 3336 450 3375 m.
468 3324 496 3387 2)
514 3320 542 3373 P
629 3319 760 3373 sublimen
778 3320 838 3375 PH
925 3292 989 3373 limo
1007 3318 1036 3375 R
1130 3318 1198 3372 'lad

67 3457 105 3497 cu
122 3444 152 3494 at
169 3441 212 3495 11²
314 3412 448 3528 8dimum
465 3442 491 3506 (r
510 3456 528 3493 a
544 3456 579 3494 m.
597 3444 625 3506 2)
645 3441 671 3493 P
769 3412 904 3509 traquilla
923 3442 951 3509 (n
970 3456 988 3493 a
1005 3456 1040 3493 m.
1057 3442 1086 3503 2)
1104 3439 1132 3493 P

68 3560 198 3615 9domus
216 3563 258 3615 ast
276 3560 348 3629 pacis
366 3561 419 3615 Hc
521 3533 610 3646 tbtum
629 3561 693 3626 PR,
727 3564 816 3615 toturn
834 3561 866 3615 Η
965 3532 1149 3614 habitaculum
1168 3560 1196 3627 (⁸

69 3683 151 3748 eras.)
169 3682 197 3737 n
296 3680 329 3736 ro
345 3648 495 3735 lasciuus„
514 3681 545 3744 Ρ,
575 3647 686 3735 trienii
704 3681 739 3747 (u
756 3697 775 3735 a
786 3698 820 3735 m.
832 3683 864 3749 2)
882 3681 917 3735 H
1008 3678 1138 3749 usp-rum
1156 3679 1196 3741 rr,

68 3800 252 3869 obsequiumc
338 3801 525 3885 torrenanaH
605 3800 917 3855 mortalishabitaculio
1003 3764 1082 3868 regn:
1100 3799 1128 3856 R

69 3922 102 3976 11
120 3893 233 3977 fundati
251 3924 276 3990 (e
293 3923 398 3988 arud)
417 3920 450 3987 P,
479 3893 591 4007 fundat}
608 3922 637 3979 R
724 3926 803 3992 poeta
820 3938 870 3978 om.
888 3922 944 3988 11¹,
974 3924 1052 3991 poete
1069 3922 1102 3975 irs
1112 3938 1196 3993 moro.

66 4040 214 4097 arana
311 4040 627 4130 raurusnurrrusfasn
712 4008 980 4111 triennum)
994 4045 1021 4098 P
1114 4042 1146 4097 rs
1164 4028 1196 4099 ut

67 4148 118 4216 dns
140 4160 179 4231 (d,
198 4166 278 4229 corr.)
302 4160 330 4215 P
428 4162 493 4217 dena
516 4178 565 4217 om.
588 4161 623 4218 H
729 4162 760 4216 ll
788 4162 966 4217 credemusc
1068 4162 1140 4217 uatis
1157 4162 1195 4219 R¹

64 4266 100 4323 n
201 4265 357 4353 maurosum
379 4267 407 4322 P
505 4266 719 4337 spiritualium
823 4267 855 4321 ra
874 4250 1077 4355 urrunnun
1094 4266 1130 4321 rr
