2774 4830
479 330 630 401 Remigii
652 331 831 401 expositio.
1155 330 1218 397 317

88 527 162 587 stus.
209 524 392 599 Pelagus,
429 524 552 599 pelagus
589 525 694 585 dicitur·
729 525 913 599 profunditas
949 524 1046 597 maris,
1084 525 1135 585 sed
1171 523 1220 584 hic

88 644 140 701 pro
182 627 381 702 profunditate
425 627 588 687 diuinitatis
631 627 756 703 ponitur.
815 627 914 703 Tyro,
958 626 1090 687 nouallns
1135 627 1253 691 milosu·
1267 641 1314 690 tl

88 734 119 790 et
141 730 232 802 rudis,
256 731 305 805 qui
324 730 437 790 nouiter
452 734 487 792 ad
504 730 635 791 militiam
652 732 760 792 Christi
776 732 866 791 uenit.
904 730 1052 808 Ilistra,
1069 731 1220 804 nanicula;

89 834 271 894 translatinis
301 834 400 894 uerbis
429 835 521 895 utitur
543 835 570 892 ·i·
597 833 798 908 metaphorice.
843 833 978 907 Superius
1002 832 1075 892 dixit
1100 829 1218 895 ‘iumen-

64 952 152 998 asum
176 932 305 1011 palagus'
330 938 557 1011 profunditatem
587 939 718 1016 mysterii
740 936 896 1012 paschalis,
920 937 1001 997 modo
1024 936 1095 998 dicit
1120 934 1219 1013 ‘parua

88 1035 186 1098 lintrs'
217 1056 268 1114 pro
305 1037 402 1117 ‘paruo
436 1037 569 1116 iugenio'.
614 1042 843 1115 Expurgam,
877 1044 1025 1101 excusabo.
1071 1041 1153 1101 Modo
1187 1056 1219 1102 se

90 1144 207 1202 excusat
228 1146 302 1217 apud
325 1143 538 1218 Macedonium,
565 1144 690 1219 qualiter
718 1162 806 1205 ausus
841 1143 897 1203 luit
928 1143 1059 1218 prosaice
1081 1145 1159 1203 huuc
1181 1145 1219 1205 li·

79 1246 173 1305 ,brum
211 1264 393 1321 componere,
431 1252 497 1324 post
531 1249 659 1310 metrice.
703 1250 904 1327 Audacem,
941 1249 1217 1323 praesumptuosum.

91 1350 286 1423 Deuotnm,
310 1351 457 1412 humilem.
501 1351 649 1411 Portum
672 1352 734 1410 ideo
758 1354 858 1425 pectus
882 1353 1038 1426 nuncupat,
1061 1349 1129 1425 quia
1144 1350 1220 1410 sicut

54 1451 120 1509 rein
153 1454 268 1525 portum
302 1453 411 1513 multae
444 1454 619 1515 conueniunt
652 1470 751 1525 naues,
786 1453 836 1513 ita'
859 1456 888 1512 et
910 1455 940 1513 in
968 1456 1081 1528 pectore
1111 1453 1220 1515 multae

88 1556 234 1629 geruntur
256 1557 457 1629 cogitationes.
495 1556 746 1631 Naufragium
766 1556 793 1614 ·i·
808 1557 917 1616 unllam
934 1558 1056 1618 heresim
1071 1557 1218 1617 incidisse.

89 1657 307 1737 occupatus,
324 1658 508 1723 detentus...
525 1660 602 1720 Nou
619 1660 790 1719 utilitati
805 1663 831 1720 ·i·
848 1678 905 1720 non
921 1661 1069 1721 doctrinas
1082 1658 1217 1735 spiritali.

89 1760 157 1819 Sed
181 1760 288 1820 inani
309 1762 336 1821 ·i·
360 1762 503 1823 saeculari
526 1762 696 1838 sapientiae.
734 1763 1050 1837 Deprehenderem
1073 1763 1099 1821 ·i·
1123 1763 1217 1823 tribu·

88 1881 179 1924 orem.
224 1863 406 1938 Lusibns,
444 1867 527 1926 ludos
550 1867 634 1926 uocat
656 1861 819 1926 saecularia
842 1869 980 1926 carmina.
1024 1866 1219 1926 Fabrieam

53 1967 117 2025 usi·
139 1983 184 2026 me
207 1966 379 2028 fabricatum
411 1967 447 2028 ab
470 1985 511 2030 ao.
550 1968 745 2040 conuiuis,
779 1969 887 2044 salinit,
911 1969 1043 2044 repleuit.
1081 1967 1219 2029 Oculos

87 2070 215 2130 cordis
238 2070 330 2130 uisum
353 2070 444 2132 animi
466 2070 544 2133 dicit.
579 2070 694 2131 Dicitur·
715 2074 810 2132 autem
833 2071 931 2131 oculus
953 2074 1035 2146 quasi
1058 2072 1134 2132 ocior
1156 2072 1217 2151 lux,

88 2171 165 2245 qued
193 2172 250 2232 cito
272 2173 387 2233 intenta
409 2176 554 2250 respiciat,
585 2176 647 2236 sius
669 2178 741 2251 qued
767 2174 913 2250 palpebris
931 2177 1129 2236 occulentibus
1151 2192 1218 2251 pro·

86 2277 175 2333 batur
212 2277 350 2341 occultus,
396 2278 541 2341 Sontas:
583 2282 683 2338 sontes
721 2282 791 2337 sunt
827 2279 938 2353 spinae,
977 2280 1044 2338 dum
1080 2279 1218 2339 similiter

88 2378 225 2438 dicuutur·
252 2380 415 2440 narnatino
445 2380 548 2455 spinae
570 2383 601 2441 at
621 2380 775 2456 pluraliter
799 2381 989 2458 declinantur,
1013 2383 1079 2442 inde
1107 2382 1218 2442 dumosi

48 2482 152 2553 onagri
176 2481 203 2539 ·i·
227 2481 348 2554 spinosi.
393 2484 462 2544 Per
493 2486 626 2544 sentes
660 2484 806 2544 dumosi
841 2487 927 2559 agri
953 2484 981 2542 .i·
1003 2502 1054 2559 per
1087 2486 1218 2545 macule·

88 2600 149 2643 ram
186 2583 358 2646 doctrinam.
405 2585 497 2646 Nisu
535 2587 561 2645 ·i·
599 2589 754 2647 conamina.
804 2587 947 2647 Cultum
982 2588 1008 2646 ·i·
1042 2589 1218 2663 obsequium.

88 2688 276 2760 Procella,
312 2688 522 2762 sollicitudine;
552 2690 679 2765 procella
702 2690 807 2750 dicitur
836 2692 912 2750 unda
934 2708 951 2749 a
978 2690 1159 2766 percellendo
1189 2692 1317 2753 ·i·u·e.r

87 2789 284 2865 percutiendo,
314 2808 346 2850 eo
375 2792 450 2866 quod
479 2796 591 2852 mentes
620 2793 768 2854 hominum
799 2792 945 2868 percellat.
990 2795 1132 2867 Aegros
1161 2812 1219 2853 au·

88 2893 237 2953 halitus
270 2893 297 2951 ·i·
332 2893 457 2968 suspiria
490 2893 625 2954 similiter
653 2896 728 2955 sicut
757 2900 785 2956 et
814 2913 875 2955 uos.
921 2895 1093 2966 Quamuis
1127 2896 1216 2970 ipsi:

45 2997 214 3058 sehonorat
250 2996 446 3056 Macedonium
480 2998 579 3058 dicens
615 2994 686 3072 ‘ipsi‘
718 3015 769 3071 pre
804 2993 893 3072 ‘ipse’.
937 2998 1149 3073 Iguioulum
1182 2999 1218 3059 iu

87 3118 155 3161 ma:
181 3117 242 3173 uos,
265 3100 369 3174 inquit,
393 3100 530 3175 cogitatis
545 3118 588 3161 me
605 3100 710 3160 habere
726 3100 850 3175 aliquam
867 3100 1023 3174 igniculum
1038 3102 1217 3176 prudentiae.

87 3203 239 3263 Silicis:
275 3204 346 3263 siler
374 3207 421 3264 est
442 3208 524 3279 petra
547 3204 712 3278 durissima,
735 3224 769 3265 ex
791 3224 849 3281 qna
871 3206 948 3280 ignis
970 3208 1126 3280 egreditm.
1164 3205 1252 3273 Nep.
1266 3223 1317 3271 aa

86 3323 161 3367 nou
189 3323 350 3367 carerem
381 3307 408 3367 ·i·
437 3310 470 3368 ut
498 3325 555 3369 nen
584 3325 720 3369 carerem.
766 3309 951 3369 Creditum
978 3312 1004 3371 ·i·
1028 3312 1125 3371 datam
1147 3312 1219 3372 mihi

86 3429 107 3470 a
138 3411 208 3472 Deo.
252 3410 406 3483 Ingenium
436 3428 517 3471 suum
546 3414 630 3472 uocat
657 3412 853 3486 quantitatem
876 3412 961 3471 unius
984 3412 1105 3487 talanti3
1130 3432 1218 3475 euan-

43 3513 212 3589 aogslicam
245 3512 413 3588 parabolam
446 3515 552 3589 tangit,
587 3515 636 3575 ubi
669 3515 794 3577 dicitur:
832 3516 915 3576 home
950 3517 1066 3591 quidam
1099 3533 1220 3592 peregre

87 3614 279 3692 proficiscens
307 3619 421 3678 uocauit
450 3635 550 3679 seruos
579 3635 647 3679 suos
676 3634 699 3677 e.
731 3620 758 3679 d.
783 3619 811 3679 d.
842 3623 863 3679 t.
891 3637 918 3679 a.
943 3620 969 3680 d.
994 3637 1021 3682 a.
1045 3637 1073 3683 u.
1097 3620 1153 3680 Per
1175 3620 1219 3681 ·V·

87 3718 202 3779 talanta
223 3719 266 3778 ·V·
290 3737 392 3781 sensus
420 3722 546 3795 corporis
578 3721 798 3796 intelleguntur,
830 3739 881 3795 psr
909 3724 963 3781 duo
994 3723 1160 3784 intellectus
1188 3725 1219 3783 et

86 3824 230 3898 operatio,
254 3839 304 3897 per
326 3822 359 3882 ·1·
381 3821 546 3884 intellectus
569 3826 692 3895 tantum,
714 3826 782 3900 quia
798 3825 914 3899 quidam
930 3827 998 3885 sunt
1013 3826 1118 3901 quibus
1133 3828 1219 3887 datur

87 3922 258 3985 intellectus
280 3926 345 3986 sine
367 3927 461 4001 gratia
483 3926 630 4001 operandi.
674 3927 713 3988 Hi
743 3932 811 3989 sunt
832 3928 882 4002 qui
905 3928 987 4002 quasi
1011 3928 1123 3989 fodiunt
1145 3928 1218 3990 illud

141 4177 219 4231 8ea
242 4178 358 4248 postes?
477 4182 683 4249 psumptuosum
706 4180 733 4234 A
861 4181 892 4237 12
915 4179 1050 4253 domatus]
1074 4182 1220 4252 Excerpto

83 4263 232 4333 incipiunt
