2774 4830
119 337 182 403 322
590 333 774 404 Appendix.

117 531 169 589 sed
191 528 226 589 de
248 529 274 587 X
296 527 460 602 praeceptis
482 526 566 601 legis.
605 529 648 586 dl·
675 528 798 589 chordas
820 530 904 587 uocat
924 530 1009 601 uetus
1033 530 1253 599 testamentum.

118 634 149 693 in
171 650 226 706 quo
249 632 273 689 ll
296 634 451 706 praecepta
465 630 539 704 legis
555 632 747 692 continentur.
771 632 947 691 Paalterium
961 634 1009 691 est
1023 632 1253 692 instrumentum

118 735 257 797 musicum
279 734 430 795 habeoell
452 735 573 793 chordas
594 738 625 793 et
645 734 806 808 percutitur
820 736 857 794 ab
880 734 1066 795 inferioribus
1084 738 1114 794 et
1130 737 1253 795 resultat

118 841 155 899 ab
178 838 373 898 inferioribus.
406 838 464 897 Per
488 834 573 897 ‘odas'
590 838 800 898 Xchordarum
824 838 993 913 psalterium
1015 838 1083 896 uult
1106 839 1250 914 intellegi,

11 939 169 1001 anetx·
191 937 321 1001 chordas'
345 943 388 1000 ·ll·
417 942 492 1016 legis
521 946 682 1017 praecepta.
725 943 887 1003 Arcibua
915 943 943 1001 ·i·
972 940 1004 1001 iu
1037 944 1277 1005 mansionibusr

116 1046 176 1105 Arx
205 1046 310 1105 dicitur
340 1046 428 1103 altius
460 1044 619 1105 aediticium
647 1045 677 1104 in
708 1046 835 1115 ciuitate,
863 1046 968 1106 dictum
991 1047 1027 1105 ab
1054 1042 1201 1105 ‘arcendo’
1224 1047 1249 1103 ·i·

116 1147 292 1222 repellendo,
315 1164 349 1206 so
371 1149 445 1220 quod
468 1150 552 1221 longe
575 1147 695 1223 repellat
724 1164 742 1207 a
772 1165 803 1209 se
826 1147 947 1224 hostem,
976 1149 1045 1221 quia
1068 1149 1248 1223 etymologia

117 1250 204 1307 etiam
238 1249 352 1311 dicitur.
398 1250 588 1322 Sceptrum
619 1251 646 1308 ·i.
677 1251 838 1325 imperium.
876 1250 930 1309 Est
964 1253 1061 1309 autem
1096 1256 1247 1323 gestamen

117 1351 195 1423 regis
217 1353 247 1411 et
268 1369 319 1426 pro
341 1369 431 1425 reguo
454 1353 579 1426 pouitur.
624 1352 854 1427 Principium
881 1353 952 1412 deus
975 1354 1084 1412 dicitur
1106 1356 1157 1413 uel
1180 1355 1247 1429 quia

116 1456 180 1514 sine
202 1455 286 1515 initio
310 1457 355 1514 uel
377 1456 447 1528 quia
468 1456 563 1514 omnia
584 1472 656 1529 quae
679 1459 747 1515 suut
770 1456 806 1515 ab
822 1472 856 1515 eo
884 1456 995 1514 initium
1012 1458 1131 1516 essendi
1148 1475 1277 1532 semp-re

117 1561 228 1617 serunt.
273 1558 451 1618 Medullia
466 1559 493 1616 ·i·
509 1559 668 1620 mentibus.
695 1558 822 1618 Medulla
838 1560 883 1618 est
904 1559 1024 1618 interior
1039 1576 1109 1632 pars
1125 1561 1246 1633 ossium,

117 1660 196 1720 dicta
227 1678 259 1721 eo
287 1662 361 1734 quod
390 1661 430 1719 sit
451 1662 554 1720 media.
599 1662 724 1737 Curis,
753 1678 822 1721 cura
844 1662 976 1722 dictaeo
998 1665 1075 1735 quod
1098 1680 1150 1723 eor
1173 1668 1245 1722 urat

116 1764 239 1838 Serpit
272 1764 299 1822 ·i·
332 1766 476 1838 penetrat.
516 1764 709 1839 Cecropei:
743 1765 864 1840 Cecrops
896 1765 953 1825 luit
986 1782 1035 1824 rer
1070 1766 1246 1827 Graecorum

116 1867 291 1926 ueneniferis
326 1867 453 1927 imbutus
475 1869 625 1942 doctriuiS,
654 1868 722 1929 hinc
755 1868 927 1944 Cecropeum
956 1886 1100 1928 uenenum
1140 1871 1246 1931 dicitur

115 1971 246 2030 doctrina
269 1970 346 2031 illius
368 1972 453 2033 mala.
497 1971 689 2045 Spirantis
710 1971 869 2033 odorem:
893 1971 1057 2046 Hypallage
1081 1978 1139 2045 eat,
1157 1974 1288 2045 debu-a¹

115 2072 188 2131 isset
209 2074 286 2132 enim
315 2074 423 2134 dicere:
453 2077 598 2135 sectantes
627 2077 739 2135 odorem
769 2076 909 2149 spirantis
931 2077 1020 2135 uitae.
1065 2077 1246 2138 Pederem

116 2175 143 2233 ·i·
171 2175 320 2235 faetorem.
359 2177 451 2235 Pedor
473 2176 588 2250 proprie
611 2179 717 2238 dicitur
740 2177 832 2238 faetor
865 2179 979 2252 pedum.
1023 2179 1128 2253 Pagi.
1168 2181 1245 2255 Pege

115 2296 217 2353 graece
247 2280 353 2339 dicitur·
381 2280 457 2353 lons,
487 2282 552 2340 inde
575 2281 681 2340 dicitur
710 2282 790 2351 uilla,
814 2300 846 2342 eo
869 2283 945 2356 quod
967 2282 1007 2341 sit
1028 2281 1110 2341 iuxta
1135 2283 1245 2345 fontem

115 2382 188 2460 sita;
211 2383 277 2441 inde
299 2383 407 2456 pagani
422 2384 555 2443 dicuntur
570 2385 683 2455 uillaui,
706 2402 739 2444 ao
754 2385 830 2459 quod
845 2386 929 2459 longe
945 2386 1007 2444 rint
1021 2402 1038 2443 a
1053 2386 1179 2447 ciuitate
1200 2388 1244 2447 dei

115 2484 163 2544 uel
191 2486 273 2557 quasi
305 2504 339 2545 ex
367 2502 422 2544 uuo
451 2486 529 2546 fonte
552 2492 696 2560 potantes.
741 2489 966 2547 lnaboriutua
995 2488 1053 2547 luit
1079 2507 1194 2565 apogea
1215 2492 1273 2553 ·i·n

115 2590 301 2648 subterranea
323 2589 410 2660 fossa,
434 2607 520 2663 quam
543 2590 611 2650 lecit
634 2592 787 2652 Daedalus.
811 2591 923 2651 Fabula
945 2591 1014 2651 talis
1035 2595 1091 2651 est.
1116 2593 1242 2668 Pasiphe

113 2691 170 2751 fuit
193 2709 263 2751 uxor
292 2690 406 2763 Minois,
436 2694 515 2766 regis
543 2693 652 2767 Cretae,
683 2711 756 2767 quae
781 2695 889 2753 amauit
911 2697 1025 2754 taurum
1049 2698 1080 2753 et
1101 2712 1157 2769 por
1180 2713 1242 2756 cen-

114 2796 212 2856 silium
234 2796 366 2871 Daedali,
389 2796 438 2869 qui
461 2800 525 2856 erat
547 2797 813 2868 artificiosissima,
840 2797 993 2858 concubuit
1014 2814 1081 2857 cum
1103 2814 1152 2871 ec,
1176 2799 1241 2859 inde

113 2902 202 2960 natus
235 2903 279 2959 eat
311 2900 489 2959 Minotaurus
523 2902 677 2960 semihomo
709 2902 737 2959 .i·
767 2901 950 2974 semitaurus,
987 2901 1037 2975 qui
1075 2903 1243 2961 comedebat

114 3004 253 3062 homiues.
290 3003 399 3062 Videas
423 3004 518 3062 autem
543 3004 595 3063 hoc
617 3003 762 3063 Daedalus
786 3005 854 3063 feeit
876 3020 1015 3079 ypogeam
1037 3005 1066 3064 ·i·
1088 3009 1271 3069 subterra-s

114 3122 195 3165 neam
217 3106 325 3164 fossam
348 3124 412 3164 cum
435 3107 473 3165 ·C·
496 3107 589 3183 ostiis,
613 3107 644 3166 in
667 3124 723 3180 qua
742 3108 873 3169 inclusus
888 3111 932 3169 est
946 3108 1138 3183 MinotauruS,
1155 3127 1242 3185 quam

114 3207 226 3267 domum
242 3207 428 3267 Laborintum
451 3210 568 3268 uocauit
590 3212 620 3267 et
641 3210 746 3269 dicitur
761 3212 935 3271 Laborintus
953 3211 1036 3283 quasi
1051 3212 1137 3272 labor·
1153 3214 1241 3289 intus,

113 3309 182 3385 quia
204 3310 252 3383 qui
275 3310 362 3370 semel
384 3311 608 3385 ingrediebatur,
635 3328 780 3387 nunquam
804 3316 1013 3374 reuertebatur.
1053 3314 1131 3374 Hinc
1155 3320 1242 3391 poeta

112 3413 307 3489 metaphorice
335 3414 524 3475 Laborintum
551 3419 635 3475 uocat
663 3433 775 3476 errores
797 3417 1030 3492 Atheniensium,
1057 3419 1108 3491 qui
1132 3420 1242 3479 uilibua

113 3518 293 3579 delectantur
316 3517 489 3578 carminibus
513 3518 605 3592 magis
628 3536 713 3592 apuam
735 3519 812 3579 ueris
836 3520 923 3580 dictis
945 3520 1135 3592 euaugelicae
1160 3523 1274 3585 lecti-ao

110 3622 183 3683 onis.
222 3621 334 3679 Reuera
355 3623 457 3680 taurus
478 3621 583 3681 Minois
606 3620 683 3696 regis
704 3624 835 3684 notarius
858 3624 923 3699 fuir,
952 3623 1001 3697 qui
1024 3639 1090 3682 cum
1113 3624 1244 3700 Pasipha

111 3725 274 3797 concubuit,
289 3723 403 3783 nomine
418 3723 606 3786 Minotaurus.
634 3725 777 3784 Daedalus
795 3726 1048 3786 artificiosissimus
1072 3726 1143 3800 fuit,
1160 3730 1243 3789 cuius

163 3998 177 4048 1
202 3968 333 4083 chordaill
356 3996 384 4048 B
513 3996 530 4047 2
553 4010 604 4064 quo
627 3996 663 4065 X]
686 4011 799 4066 quorum
822 3998 877 4051 AB
1005 3996 1022 4051 6
1045 3997 1120 4052 altus
1145 4000 1175 4054 B

111 4098 127 4151 'l
153 4100 266 4169 repellat
292 4118 343 4155 om.
370 4101 398 4153 B
499 4103 528 4154 et
554 4098 702 4168 himologia
728 4100 784 4153 AB
892 4102 925 4155 15
951 4100 1085 4171 yppalage
1114 4104 1175 4159 AB

110 4185 143 4239 17
165 4185 261 4240 saltora
284 4188 310 4240 A
414 4187 483 4241 letor
504 4186 531 4238 A
633 4186 710 4256 page]
729 4202 779 4256 pue
795 4187 851 4241 AB
952 4187 988 4240 20
1007 4188 1070 4258 uuo]
1089 4187 1159 4253 fort.
1179 4194 1245 4247 uiuo

109 4272 155 4327 uel
172 4288 220 4327 auo
323 4274 357 4327 27
375 4272 555 4328 laborariotus
572 4270 628 4327 AB
