2774 4830
126 394 266 447 xxxvm

128 565 313 634 minusculis
334 566 449 650 scripta
471 568 501 631 et
524 564 556 630 in
579 564 667 630 initio
690 565 839 632 librorum
863 564 995 631 collecta
1011 565 1042 629 et
1062 564 1093 629 in
1110 565 1255 647 margine

127 689 273 736 uersuum
301 669 448 752 leguntur
474 688 574 753 neque
602 668 685 734 inter
707 688 740 735 se
770 688 870 753 neque
899 687 971 735 cnm
999 666 1254 749 inscriptionibus

128 772 266 839 codicum
290 772 315 836 P
339 773 371 837 et
393 772 421 838 R
444 772 632 854 conspirant.
669 771 785 855 Incipit
814 773 906 836 ooder
928 790 947 836 a
968 768 1160 854 praefatione
1182 767 1253 832 Pa-

127 874 286 941 scbalrlms
306 879 336 940 te
356 875 508 959 deputam
535 875 672 957 epistula
693 875 733 940 ad
747 875 966 940 Macedonium
989 873 1022 937 in
1043 873 1103 937 line
1125 871 1253 955 legitur.

128 978 290 1045 Correctus
314 982 361 1043 est
383 978 461 1043 liber
480 997 499 1043 a
513 979 631 1044 duabus
646 977 801 1056 manibus,
825 996 860 1042 er
876 976 988 1060 quibus
1003 978 1103 1041 altera
1117 974 1253 1039 radendo

127 1085 160 1146 et
182 1082 387 1147 oblitterando
417 1081 538 1146 litteras
568 1083 687 1165 primae
711 1099 822 1146 manns
845 1080 1012 1156 deleuerat,
1042 1083 1078 1144 ut
1099 1079 1252 1144 lectiones

127 1204 251 1267 prorsus
274 1184 480 1267 discrepantes
504 1184 555 1263 (cl.
579 1185 661 1249 infra
682 1183 800 1263 XLIII)
824 1184 963 1249 inferret.
1001 1182 1087 1264 Quae
1113 1200 1184 1246 cnm
1208 1180 1255 1244 ita

127 1288 203 1367 sint,
236 1289 371 1371 primum
404 1286 568 1354 librarium
601 1288 744 1370 inprimis
774 1290 902 1370 respexi.
939 1286 1068 1353 Librum
1092 1288 1123 1350 in
1146 1303 1252 1350 meum

126 1409 218 1456 usum
249 1391 381 1456 contulit
409 1392 448 1456 H.
480 1388 667 1475 Sedlmayer,
699 1408 718 1455 a
746 1410 797 1455 me
827 1393 953 1474 rogatus
980 1389 1092 1454 iterum
1118 1391 1253 1471 inspexit

126 1495 167 1560 Η.
192 1492 335 1560 Schenkl.

84 1621 112 1686 Β
172 1612 269 1681 Codex
284 1612 555 1679 Bruxeliensis
567 1614 784 1679 miscellaneae
795 1613 1006 1680 5649-5667
1023 1634 1046 1679 s.
1058 1613 1104 1678 XI
1118 1615 1152 1678 ut
1163 1614 1253 1679 uide·

128 1721 180 1782 tur
214 1717 347 1799 scriptus
380 1714 432 1798 (ci.
462 1715 628 1782 Bolletins
654 1716 692 1782 de
720 1716 898 1782 i'aeadimie
919 1715 955 1780 de
976 1715 1144 1782 Brauelies
1169 1717 1253 1783 1843

127 1823 203 1888 tom.
226 1818 272 1885 IX
294 1840 325 1904 p,
343 1819 417 1899 362)
442 1821 579 1886 eontinet
602 1818 624 1884 i.
649 1820 844 1887 los-183¹
865 1820 994 1885 Prosam
1017 1818 1137 1885 Sedulii
1159 1828 1253 1902 (qnae

127 1943 199 2006 pars
220 1942 348 1989 numero
370 1923 455 1991 5664
478 1929 526 1988 est
548 1923 682 2008 signata)
707 1943 854 1990 uersuum
876 1923 917 1988 31
941 1924 992 1989 uel
1016 1923 1068 2004 32,
1092 1924 1252 2009 margines

126 2029 319 2111 bibliopegae
342 2027 462 2092 incuria
485 2027 638 2092 decurtati
661 2031 743 2092 sunt.
774 2028 870 2093 Prusa
887 2027 998 2110 incipit
1014 2048 1032 2093 a
1046 2027 1139 2094 uerbo
1154 2048 1253 2109 quam

126 2131 243 2194 decutit
265 2134 317 2212 (ε
340 2129 395 2195 lib.
419 2130 451 2194 ΙΙ
475 2149 505 2212 p.
528 2130 600 2209 212,
623 2132 664 2209 9),
693 2131 806 2196 desinit
834 2131 866 2195 in
890 2130 951 2195 fine
974 2130 1047 2196 libri
1070 2130 1098 2195 V
1127 2130 1249 2197 uerbis:

126 2233 283 2297 orciuersa
298 2230 458 2296 librorum.
482 2249 642 2297 nxrurcrr
664 2251 772 2298 rnoss
794 2251 941 2299 ssnvnrr.
965 2231 1111 2316 Capitula
1125 2233 1252 2316 quidem

127 2340 158 2400 et
186 2333 399 2418 inscriptiones
431 2352 493 2400 non
526 2335 682 2418 leguntur,
719 2340 752 2402 at
784 2336 876 2402 initia
902 2337 1041 2418 capitum
1070 2338 1122 2402 nal
1150 2338 1251 2421 spatio

127 2438 268 2504 uersibus
299 2436 474 2503 intermisso
505 2439 555 2503 uel
584 2439 700 2504 litteris
731 2439 906 2505 initialibus
931 2440 964 2504 in
988 2440 1089 2505 maius
1113 2441 1251 2506 diductis

127 2539 315 2606 indicantur.
350 2538 513 2607 Correctus
536 2545 583 2607 est
598 2561 616 2607 a
631 2561 726 2608 manu
749 2543 849 2609 altera
870 2560 931 2608 non
947 2544 1047 2608 multo
1069 2543 1251 2626 posteriore,

127 2663 204 2725 quae
225 2664 266 2708 m.
283 2641 324 2708 ui.
348 2643 381 2708 in
405 2643 625 2710 commentario
642 2648 688 2710 cst
702 2644 834 2732 signata
863 2648 897 2712 P.
913 2644 1080 2712 Schroeder
1098 2649 1129 2712 in
1144 2666 1250 2712 meum

125 2768 216 2813 usum
240 2746 382 2813 eontulit.

98 2873 113 2937 l
172 2869 345 2944 Inretus,
373 2867 426 2952 qui
458 2868 578 2952 primus
611 2869 767 2952 paschalis
801 2871 902 2954 operis
925 2871 1090 2937 editionem
1113 2890 1140 2935 a.
1168 2871 1251 2938 1585

126 2973 258 3055 parauit,
282 2970 384 3036 codiee
406 2991 487 3036 nune
509 2971 665 3055 deperdito
689 2991 762 3038 usus
785 2974 842 3051 est,
872 2993 965 3059 quem
986 2992 1006 3039 a
1026 2973 1157 3038 Pithoeo
1180 2973 1249 3038 uiro

126 3074 306 3141 doctissimo
324 3082 492 3159 acceperat.
517 3075 699 3154 Audiamus,
723 3095 801 3158 quae
816 3077 938 3142 Inretus
960 3077 1073 3160 ipsein
1090 3075 1250 3143 Addendis

127 3176 270 3242 editionis
304 3177 458 3259 proferat:
496 3176 624 3242 Damas
656 3177 757 3262 icitur
790 3199 875 3244 nuuc
908 3179 1051 3259 primam
1082 3177 1138 3243 boc
1173 3199 1251 3259 opos

118 3278 272 3361 paschale
288 3300 326 3344 cx
341 3280 473 3346 tenebris
495 3286 629 3366 erutum,
652 3282 689 3346 iro
710 3281 824 3364 quibam
846 3282 947 3347 multa
968 3280 1095 3347 saecula
1117 3280 1248 3357 dilituit,

124 3382 217 3463 idque
238 3383 382 3465 beneficio
404 3383 496 3448 Petri
511 3385 637 3449 Pitheci
659 3385 873 3450 Iureeonsuiti
894 3385 1075 3468 clarissimi,
1098 3385 1154 3465 qui
1175 3385 1250 3465 feeit

125 3486 248 3566 copiarui
277 3486 473 3569 exemplaris.
511 3486 547 3551 ln
581 3488 704 3553 iactura
732 3489 844 3554 codicis
874 3507 971 3572 neque
1000 3487 1079 3552 mihi
1110 3487 1248 3550 multum

124 3588 330 3673 inuestiganti
352 3610 449 3674 neque
473 3591 627 3674 prioribus
649 3592 821 3657 editoribus
843 3591 896 3675 qui
919 3589 1124 3656 bibliothecas
1147 3590 1248 3654 mari·

125 3709 192 3757 mas
215 3691 356 3758 adierant
378 3695 518 3777 contigit,
542 3699 578 3759 ut
600 3694 694 3760 editio
717 3693 842 3778 quidem
858 3712 877 3759 a
893 3693 996 3758 Iureto
1018 3693 1086 3776 ipso
1108 3694 1250 3758 coniecta

125 3794 324 3861 inueniretur.
356 3796 476 3861 Recnsa
498 3798 547 3862 est
568 3796 663 3863 editio
685 3796 718 3860 in
744 3795 902 3861 nonnullis
930 3794 1117 3859 editionibus
1135 3793 1249 3861 biblio·

123 3897 231 3964 thecae
260 3897 399 3977 Petrum,
430 3918 466 3963 er
494 3898 605 3980 quibus
632 3897 709 3963 mihi
738 3899 862 3980 quidem
889 3901 1012 3981 praesto
1041 3898 1129 3961 erant
1153 3899 1250 3963 editio

0 4022 35 4064 »u
62 3999 376 4066 cadolonensis
399 4019 425 4064 a.
452 4000 543 4078 1618,
567 4000 751 4066 Parisina
778 4018 805 4065 a.
827 3999 909 4066 1654
938 4019 1008 4065 oum
1036 3999 1120 4065 notis
1149 4000 1249 4065 lureti

53 4124 110 4167 sarr.
125 4103 157 4165 in
186 4103 355 4184 appendice
378 4102 501 4179 additis,
531 4102 625 4168 editio
648 4102 855 4168 Gallandii
879 4103 915 4166 ds
937 4103 1035 4167 Prosa
1057 4102 1250 4167 emendanda

124 4203 202 4269 satis
236 4206 339 4270 meriti
374 4211 413 4283 (a.
438 4206 541 4285 1773),
575 4207 629 4290 qui
650 4204 795 4270 Parisina
822 4225 849 4271 a
875 4205 959 4271 1624
987 4223 1024 4269 ae
1046 4205 1249 4289 Lugdunensi

48 4329 111 4371 mss.
126 4325 199 4372 usus
215 4309 290 4387 erat,
307 4307 437 4391 denique
452 4308 630 4391 Areuali,
646 4307 699 4390 qui
714 4309 835 4390 praeter
851 4308 1016 4373 editionem
1033 4306 1250 4373 Galladianam
