2774 4830
417 313 569 370 Panchai.
587 314 706 385 Operis
727 314 798 371 Lib.
816 316 847 370 V.
1135 316 1201 384 299

66 502 145 586 quia
173 522 237 568 cor
264 503 483 569 contritum
511 510 548 570 et
578 506 891 574 contribulatum
914 506 1104 574 Dominus
1125 526 1200 574 non

65 605 288 689 relinquet.
323 624 455 690 moxque
476 626 588 673 manus
611 611 733 693 aperuit
754 609 934 694 perforatae,
956 608 1087 695 plagam
1104 610 1199 677 lateri

68 707 203 774 nudauit
225 707 363 786 infixam,
387 728 425 774 ne
448 708 633 792 phantasma
655 711 826 789 crederent,
850 711 877 777 si
900 713 1067 779 uulnerum
1082 713 1199 779 indicia

67 830 131 877 non
155 812 309 877 uiderent.

43 962 58 1001 ι
115 930 269 1013 Quoniam
301 949 375 997 uero
403 932 538 998 Thomas
566 951 662 1017 aeque
691 939 885 1001 uenerandue
913 934 1082 1019 apostolus,
1105 954 1197 1019 quem
1209 941 1250 1006 31

68 1035 241 1121 Didymum
264 1034 415 1100 uocabulo
437 1035 667 1120 nuncupabant,
690 1036 735 1102 ibi
755 1055 815 1102 non
833 1037 949 1116 aderat,
966 1038 997 1103 et
1012 1038 1089 1103 talia
1103 1036 1198 1104 sociis

68 1136 279 1205 referentibus
309 1156 371 1205 non
398 1140 557 1206 credebat:
587 1160 655 1208 ecce
679 1143 831 1208 Dominus
861 1145 969 1208 eodem
997 1142 1198 1225 postmodum

69 1243 227 1309 residente
249 1262 321 1309 cum
343 1242 492 1309 fratribus
524 1245 652 1311 inmotis
673 1264 707 1311 se
730 1246 830 1311 denuo
864 1245 981 1312 foribus
1015 1264 1197 1329 repraesen-

67 1349 128 1429 tat,
158 1349 211 1429 qui
240 1365 410 1429 numquam
438 1347 622 1429 spiritaliter
644 1349 682 1413 ab
709 1348 785 1430 ipsis
808 1351 1009 1424 abscesserat,
1033 1366 1198 1432 coramque

29 1451 189 1520 mcunctis
217 1451 303 1515 uisus
331 1449 365 1514 in
394 1449 583 1516 medionon
611 1452 798 1536 dedignatur
826 1466 945 1517 morem
966 1470 1073 1535 gerere
1096 1452 1199 1535 trepi-

68 1554 157 1618 danti
180 1553 346 1637 diecipulo:
369 1552 544 1637 palmisque
567 1573 674 1620 rursus
697 1558 729 1620 et
745 1555 840 1620 latere
863 1553 1083 1622 demonstratis
1110 1558 1200 1620 tactu

66 1657 235 1722 uulnerum
261 1656 383 1739 patitur
409 1677 442 1721 se
469 1658 603 1740 probari,
634 1661 734 1741 magis
764 1658 836 1724 hine
863 1660 999 1742 agnitus,
1026 1657 1107 1741 quod
1132 1657 1199 1739 ipse

66 1764 108 1827 sit
141 1759 292 1836 cbristus,
325 1761 398 1843 quia
427 1760 599 1827 dubitantis
632 1762 774 1827 animum
802 1762 927 1846 placida
955 1762 1035 1827 fouit
1067 1760 1200 1825 lenitate

67 1864 257 1946 susceptum.
296 1863 435 1947 quisquis
466 1864 550 1930 enim
577 1864 663 1930 dolos
692 1865 826 1931 artifices
856 1882 947 1930 caeca
974 1866 1033 1929 sub
1062 1864 1200 1947 imagine

30 1995 60 2035 rs
68 1967 189 2035 fraudis
223 1974 342 2035 exercet
370 1986 528 2050 uenasque
558 1967 688 2033 nebulas
716 1972 748 2033 et
780 1969 897 2053 figuras
931 1968 970 2033 ad
999 1965 1198 2050 decipiendae

68 2070 200 2136 instruit
221 2076 341 2138 mentes
364 2070 514 2149 incantas,
536 2090 596 2136 non
619 2071 689 2137 uult
716 2073 840 2155 inquiri,
864 2090 924 2137 non
948 2072 1019 2137 uult
1036 2089 1095 2136 sua
1112 2069 1199 2134 iacta

67 2175 222 2257 cognosci,
246 2193 306 2258 quo
335 2174 430 2240 lateat
461 2175 519 2240 sub
548 2174 640 2240 nubis
668 2175 844 2241 uelamento
872 2174 1006 2253 fallacis,
1030 2174 1198 2256 oculosque

66 2277 246 2359 compositis
260 2279 389 2343 miseros
405 2277 579 2343 simulacris
597 2277 742 2344 inludens
765 2279 829 2344 odit
850 2269 1009 2356 sollicitos,
1033 2277 1062 2342 si
1085 2276 1198 2360 depre-

66 2379 162 2445 beudi
184 2380 326 2464 coeperit,
353 2382 385 2445 et
406 2381 531 2445 amicos.
571 2380 723 2447 Dominus
752 2385 857 2448 antem
881 2401 974 2447 nerar
997 2381 1029 2446 in
1052 2380 1198 2446 omnibns

30 2481 213 2554 »Christus
247 2483 342 2549 etiam
376 2486 498 2550 credere
533 2483 692 2550 dubitanti
726 2484 922 2567 mitissimus,
957 2504 1017 2552 non
1052 2484 1198 2551 irascitur

66 2586 252 2670 ambigenti,
290 2588 344 2653 eed
379 2590 415 2653 nt
448 2587 564 2673 digitos
600 2605 721 2671 quoqne
750 2590 873 2675 mergat
901 2590 934 2655 iu
963 2590 1103 2671 uulnera,
1133 2585 1198 2651 leni

173 2783 187 2836 1
206 2781 240 2837 ef.
258 2782 330 2838 Psal.
347 2783 390 2849 50,
410 2783 442 2836 19

120 2962 328 3018 lbumiliatum
347 2964 401 3019 Hc
502 2962 919 3033 2relinquaet(ererus.)11,
949 2963 1079 3033 relinquit
1097 2962 1125 3016 R

66 3052 191 3118 apperuit
214 3050 241 3104 Β
343 3049 491 3120 perforatos
515 3051 543 3105 P
643 3050 743 3121 plange
766 3050 793 3105 P
895 3050 912 3104 3
935 3050 1078 3103 mandauit
1102 3049 1130 3103 P

66 3135 204 3190 fantasma
222 3136 287 3190 libri
387 3136 405 3190 4
429 3135 561 3206 uiderent]
579 3138 704 3205 sequitur
721 3152 777 3191 rus.
795 3140 813 3189 2
829 3136 888 3202 fere
905 3150 1036 3189 aerenum
1054 3135 1085 3187 ia
1103 3135 1131 3189 P

64 3222 153 3276 erm
171 3236 292 3277 uuonan
310 3236 462 3277 mortemar
478 3237 568 3277 naurs
586 3237 778 3277 mronnnurr
795 3237 831 3275 rr
849 3236 971 3276 rrrvnns
988 3236 1141 3277 cunvorvrr
1162 3221 1201 3287 R,

65 3324 118 3363 om.
147 3308 181 3362 Η
279 3307 417 3376 apostolus
444 3314 480 3377 (o,
500 3324 535 3363 ec
556 3311 583 3377 n)
611 3309 639 3363 B
741 3310 758 3361 6
786 3311 969 3376 nuncupa-nt
993 3307 1136 3375 (brerae.)
1159 3307 1198 3371 Η,

65 3393 273 3463 nuncupabant
290 3394 332 3457 B,
362 3398 554 3463 nuncupante
576 3400 688 3463 (except.
712 3393 780 3461 Col.)
893 3393 911 3447 8
933 3393 1047 3463 foribus]
1066 3393 1198 3448 fratribus

66 3479 96 3535 R
198 3478 390 3549 repraesentat]
419 3494 447 3533 re
474 3494 543 3534 erae
569 3479 615 3545 Η,
649 3482 803 3549 praesentat
828 3494 844 3532 c
948 3478 981 3532 10
1008 3494 1071 3532 usus
1098 3479 1133 3532 Η

67 3577 101 3630 11
121 3568 197 3631 taetb
215 3579 245 3643 (”
265 3579 346 3640 erue.)
364 3574 392 3628 Β
495 3574 529 3627 12
550 3574 675 3644 cognitus
692 3574 720 3630 R
824 3574 857 3628 13
874 3572 996 3629 canetur
1014 3573 1052 3627 eit
1070 3574 1129 3628 ΗΒ

65 3662 115 3731 qui
133 3662 183 3716 Bo
285 3660 598 3730 animam-sneceptam
625 3660 678 3715 Hc
780 3659 880 3729 placita
901 3660 930 3715 B
1033 3660 1066 3714 14
1082 3660 1199 3714 artificis

65 3746 121 3801 Hc
224 3747 256 3800 16
276 3751 340 3816 poet
364 3745 493 3810 incautae,
517 3745 579 3800 uult
600 3744 702 3815 inquiri
720 3761 789 3800 nae.
813 3745 847 3800 Η
947 3743 1047 3814 inquiri
1064 3760 1117 3799 nou
1136 3746 1200 3799 nult

64 3849 119 3889 on.
138 3832 186 3887 Bo
274 3833 306 3886 11
325 3832 435 3902 quoB,
464 3849 518 3885 non
536 3831 577 3896 B,
608 3848 664 3887 roe.
677 3834 708 3885 ia
725 3832 769 3897 H,
799 3831 870 3901 qnod
888 3848 915 3895 o,
946 3846 1011 3884 uum
1030 3830 1128 3886 Ladon.

65 3954 174 4009 lateant
191 3955 260 4009 cnaei.
279 3953 377 4009 Lude.
396 3954 428 4007 in
445 3952 510 4007 ade.
607 3954 640 4007 18
658 3952 762 4005 miserie
781 3951 814 4004 H
900 3915 1023 4004 inludens
1041 3951 1062 4018 (l
1080 3968 1098 4006 a
1114 3968 1149 4006 m.
1168 3956 1199 4017 2)

64 4047 96 4104 R
198 4048 263 4114 sort.
281 4049 415 4103 sollicitus
432 4049 468 4115 cf.
486 4048 576 4104 Cornu.
681 4049 712 4102 le
736 4045 843 4115 amicoe]
868 4046 978 4099 amictos
1000 4063 1026 4103 n.
1058 4062 1115 4100 uoto
1132 4046 1201 4100 mibi

64 4176 196 4239 mecca
215 4170 289 4225 cau.
392 4169 427 4224 a>
447 4167 591 4223 susianen
609 4166 662 4222 nr
762 4168 792 4220 an
813 4132 966 4235 amarandi
984 4165 1012 4221 n
1030 4170 1054 4233 o
1072 4182 1091 4219 a
1107 4182 1142 4221 m.
1160 4168 1201 4233 a),

63 4255 224 4326 ambigendi
243 4256 277 4310 Η
377 4256 507 4310 unlnerali
527 4255 560 4308 H
661 4254 714 4308 leni
732 4269 819 4308 omo
