2774 4830
468 326 619 381 Panchai.
642 325 763 395 Operis
785 329 855 383 Lib.
873 329 912 384 ΙΙ.
1188 332 1253 399 205

123 518 186 582 tuis
216 517 336 583 ambias
367 518 446 583 dotis
475 517 632 583 interfici?
666 537 766 584 nonne
796 520 909 595 Dauid,
940 521 1094 585 mandatis
1121 522 1250 585 Domini

123 623 322 697 seruientem,
339 621 476 686 debuisti
492 620 613 693 sectari,
631 624 684 704 qui
701 621 776 687 Saul
790 622 821 685 in
838 622 1028 707 speluncam.
1045 642 1106 707 qna
1121 625 1250 695 latebat.

121 726 297 807 ingressum
312 725 386 788 dum
402 727 563 808 cogeretur
575 726 755 808 extinguere
769 724 825 811 [ita
837 724 1023 814 respondim]
1040 727 1145 792 absit
1160 746 1179 791 a
1194 748 1250 791 me

121 829 276 893 omnino
300 830 383 907 hoo,
404 829 499 893 mihi
518 847 588 893 non
609 830 819 913 contingat
837 851 856 895 a
872 831 1048 907 Domino,
1067 830 1100 893 si
1119 830 1250 895 secero

97 934 283 997 ouerbum
306 931 415 997 istud
435 932 600 997 Domino
623 952 721 1009 meo,
745 933 898 998 cbristo
921 934 1073 999 Domini
1096 932 1185 1003 moi.
1208 937 1250 996 ut

120 1036 291 1100 inseram
323 1055 472 1101 manum
503 1055 623 1101 meam
655 1037 692 1100 in
725 1056 824 1105 cnm.
854 1038 1036 1119 quoniam
1070 1035 1249 1100 christus

121 1138 275 1203 Domini
299 1139 361 1202 bie
384 1142 453 1202 ost.
492 1144 523 1203 et
547 1139 601 1203 ille
624 1140 749 1221 quidem
773 1142 911 1224 pepercit
934 1141 1061 1205 inimico
1082 1160 1114 1203 se.
1130 1140 1248 1205 uolenti

120 1244 280 1323 perimere.
319 1248 353 1305 tu
385 1249 490 1307 antem
520 1244 678 1308 insidiaris
709 1245 851 1317 Domino,
879 1244 931 1326 quui
955 1245 1065 1308 mundi
1088 1248 1179 1308 natus
1203 1248 1248 1306 est

120 1349 158 1411 ad
188 1345 330 1410 salutem.
370 1346 477 1427 quodsi
509 1347 602 1410 nullis
636 1349 672 1411 ut
700 1347 863 1413 immemor
895 1351 1037 1412 ueterum
1068 1347 1248 1428 tangebaris

85 1448 278 1529 roenemplis.
310 1449 348 1512 ob
378 1450 436 1513 boc
465 1450 570 1513 saltim
603 1450 801 1532 parricidalis
832 1455 960 1516 conatus
990 1449 1138 1517 debueras
1160 1468 1248 1514 arma

119 1550 301 1633 relinquere.
335 1570 373 1615 no
403 1554 519 1633 sceptri
548 1553 630 1634 quod
651 1553 780 1635 gerebas
804 1554 940 1617 deiceres
964 1554 1162 1637 potestatem,
1193 1553 1247 1635 qui

119 1662 232 1719 unctus
264 1657 440 1737 agnosceris
473 1675 655 1738 persequens
690 1658 845 1721 unctionis
874 1660 1043 1722 auctorem.
1082 1660 1247 1722 notamen

118 1760 254 1822 nominis
275 1759 323 1823 tui
345 1764 474 1824 cruenta
496 1760 626 1842 pertidia
648 1761 728 1824 tanti
752 1762 878 1825 sceleris
901 1762 1082 1825 asatietate
1097 1760 1246 1831 discedat.

117 1860 177 1924 sub
208 1862 323 1926 honore
354 1866 452 1928 crucis
482 1865 628 1945 aetherio,
660 1866 713 1929 aed
737 1866 865 1929 crimine
889 1868 961 1930 tuae
984 1865 1087 1947 gentis
1113 1864 1246 1938 inferno,

82 1990 107 2028 15
118 1967 198 2045 quod
231 1966 349 2031 frustra
378 1969 517 2032 saeuiens
547 1969 581 2031 tn
609 1967 730 2033 moliris
753 1968 891 2032 Herodes
918 1968 999 2032 alius
1022 1969 1092 2050 post
1114 1965 1246 2031 uidebit.

161 2087 383 2171 Euangelicum
419 2106 490 2172 argo
524 2108 656 2171 sequens
690 2089 735 2154 ait
770 2091 815 2154 ita
845 2089 1036 2172 capitutum:
1067 2087 1132 2171 qui
1161 2092 1276 2151 oum8

115 2190 323 2255 audissent
357 2210 497 2275 rogem,
532 2193 730 2258 abierunt.
774 2194 811 2255 ot
841 2210 929 2257 ecco
959 2191 1103 2265 stella,
1134 2207 1247 2272 quam

115 2294 303 2359 uiderant
333 2295 370 2358 in
402 2298 576 2373 oriente,
608 2296 873 2360 antecedebat
903 2314 983 2373 eos,
1014 2292 1246 2378 usquedum

115 2399 281 2463 ueniens
325 2400 454 2463 staret
491 2418 623 2482 supra,
667 2398 733 2463 ubi
776 2402 861 2463 crat
902 2417 1006 2481 puer.
1057 2398 1246 2461 uidentes

78 2501 245 2566 arautem
283 2501 445 2566 stellam
481 2502 613 2586 ganisi
648 2504 741 2566 sunt
775 2502 918 2585 gaudio
946 2519 1082 2586 magno
1112 2501 1245 2575 ualde,

114 2607 155 2670 et
200 2606 400 2670 intrantes
452 2607 603 2669 domum
655 2607 899 2670 inuenerunt
950 2624 1108 2689 puerum
1162 2621 1244 2668 cum

216 2828 233 2882 a
252 2828 284 2881 er.
303 2828 316 2883 1
335 2828 401 2898 neg.
414 2829 494 2893 aar
600 2830 633 2883 16
651 2830 747 2882 uarro.
766 2830 791 2892 a,
810 2830 888 2897 oseq.

170 3036 180 3087 l
201 3034 258 3087 tuis
275 3050 297 3089 a.
315 3035 333 3087 1.
352 3035 388 3089 P¹
475 3035 615 3103 ambiguos
634 3035 715 3089 donas
734 3002 821 3103 institit
841 3036 868 3088 P
881 3050 950 3088 corr.
963 3036 1030 3087 rra2
1124 3032 1243 3086 2oerui-

112 3126 203 3174 eutem
231 3137 280 3175 om.
309 3123 341 3176 H
442 3121 574 3175 debuistis
601 3122 629 3175 P
730 3122 854 3190 spetunca
880 3120 942 3175 RH
1042 3120 1069 3172 in
1097 3134 1150 3187 qua
1173 3118 1243 3172 Par.

114 3208 189 3261 Gall.
294 3210 393 3263 3cnm
413 3210 453 3261 ita
471 3213 609 3277 cogeretur
632 3226 649 3263 o
672 3207 745 3274 (dum
768 3208 833 3272 Ool.)
937 3208 1046 3275 cogetur
1069 3206 1101 3259 Η
1202 3204 1244 3257 ita

112 3296 251 3363 respondit
264 3312 314 3350 om.
330 3294 422 3353 PRH.
434 3297 499 3361 sort.
513 3296 585 3348 absit
598 3294 667 3365 (ait)
758 3294 915 3363 dnon]a.l.
930 3292 970 3347 11²
1055 3293 1175 3360 tiquiab

109 3387 190 3468 ipxot
207 3400 233 3453 P
320 3401 501 3469 Sperbimere
519 3401 547 3454 P
632 3399 843 3454 insidiaberisH
928 3398 1075 3452 rnnndoH
1161 3398 1242 3466 9qni

109 3520 169 3572 sne
257 3520 464 3577 immemorem
552 3520 584 3575 no
601 3492 636 3607 io
655 3522 682 3576 n
768 3520 882 3574 aruum
902 3520 930 3573 n
1012 3520 1045 3571 ao
1060 3518 1241 3585 noo-pare-

109 3622 191 3677 cidali
210 3628 307 3677 conatu
324 3625 359 3678 H
455 3625 649 3693 languescens
667 3625 694 3677 P
788 3622 951 3693 peraequatis
969 3622 997 3676 R
1091 3620 1193 3674 auctori
1210 3620 1246 3673 Η

108 3758 155 3807 tna.
175 3750 205 3805 1.
229 3750 244 3797 ὀ
262 3762 331 3801 corr.
350 3763 384 3799 aa
403 3750 433 3811 2)
536 3762 584 3801 noc
602 3750 690 3801 tamen
715 3746 742 3800 P
762 3746 816 3803 Col.
834 3746 902 3799 Par.
1007 3744 1040 3797 13
1062 3716 1188 3825 sicietate
1203 3740 1242 3803 R,

108 3834 255 3935 satiaetate
277 3850 311 3903 Η
324 3866 396 3904 corr.
413 3853 487 3903 Μ
591 3850 622 3903 14
645 3850 744 3903 intereo
767 3849 810 3915 Η,
841 3847 960 3903 inferno
1064 3848 1097 3900 lb
1118 3860 1184 3915 qum
1202 3844 1241 3903 11.

107 3988 163 4041 qno
183 3974 210 4026 P
309 3938 424 4061 arefiens
442 3973 470 4027 P
572 3958 695 4041 fruidobit
715 3970 743 4023 P
844 3970 876 4024 16
899 3984 934 4022 nn
953 3982 1095 4023 uaoonrrr
1114 3982 1240 4021 urrunnu·

107 4093 162 4132 nus
188 4079 260 4141 RH,
304 4080 344 4133 Da
370 4079 479 4133 adorato
507 4094 522 4130 a
546 4076 634 4147 Magio
658 4076 767 4129 Christo
793 4079 821 4129 et
847 4074 1003 4128 muneribus
1029 4072 1128 4127 oblatis
1154 4090 1171 4127 o

104 4174 284 4272 Erigelicum
311 4203 339 4258 R
365 4217 435 4257 corr.
460 4206 533 4258 aa2
635 4200 670 4255 20
696 4182 745 4253 aut
770 4187 862 4252 stell''¹
888 4200 977 4269 ganisi
1004 4199 1031 4254 R
1057 4214 1101 4252 am
1125 4214 1144 4251 a
1160 4213 1194 4251 m.
1212 4200 1239 4260 2,

104 4291 219 4345 stettin
238 4306 291 4344 roa.
