2774 4830
538 322 688 394 Remigii
711 320 889 393 expositio.
1213 330 1275 395 341

149 519 288 590 dolorem,
311 534 388 577 nunc
411 519 554 591 plangunt
576 520 693 593 propter
716 520 895 592 insperatum
911 518 1056 592 gaudium.
1096 519 1278 580 Contrarium

148 640 212 683 esse
234 622 361 694 uidetur,
384 622 460 695 quod
484 621 556 681 dicit
571 623 751 698 euangelista
769 617 896 682 ‘mortua’
914 624 940 679 ·i·
956 621 1064 697 puella,
1088 626 1117 682 et
1131 624 1186 683 hoc
1202 623 1277 696 quod

148 726 280 787 dominns
297 723 362 785 ‘non
378 729 423 785 est
438 721 571 786 mortua'.
595 726 755 801 Vtrumque
770 729 866 785 tamen
883 743 982 786 uerum
999 729 1055 807 est,
1071 744 1137 787 nam
1152 726 1279 787 homini·

148 828 203 887 bns
226 834 338 888 mortua
360 831 431 902 erat,
455 828 499 888 illi
523 828 573 903 qni
596 832 738 890 suscitare
761 846 823 888 eam
847 832 968 903 poterat,
993 847 1052 889 non
1074 832 1138 890 erat
1153 832 1277 901 mortua,

123 934 198 992 ss'ed
223 932 389 991 dormiebat.
428 930 620 991 Biothauatus
652 933 679 991 ·i·
702 931 747 990 his
763 935 901 1004 mortuus,
925 950 991 991 nam
1007 933 1142 992 thanatos
1156 933 1183 991 ·i·
1199 949 1276 992 mor-

148 1036 227 1106 talis,
259 1036 424 1109 athanatos,
455 1034 635 1096 immortalis.
682 1035 821 1094 Inclita
853 1036 879 1094 ·i·
910 1051 1059 1110 generose,
1089 1036 1164 1095 eleos
1197 1036 1273 1096 enim

146 1138 250 1212 gloria.
285 1135 376 1195 Fidus
406 1136 499 1195 Dauid
522 1137 639 1211 dicitur,
668 1153 723 1196 uon
748 1136 869 1195 aliorum
899 1138 1022 1211 patrum,
1052 1138 1121 1212 qnia
1152 1137 1189 1196 ad
1211 1154 1277 1198 enm

144 1240 388 1316 repromissiones
422 1241 456 1299 de
487 1239 544 1299 lilio
575 1240 621 1299 dei
651 1240 816 1312 specialiter
844 1240 937 1299 iactae
965 1243 1043 1299 sunt.
1088 1241 1277 1315 Cognosce

144 1362 200 1418 pro
223 1359 405 1417 cognoscere.
451 1342 618 1417 Torpens
635 1343 660 1401 ·i·
684 1344 858 1419 pigrescens,
876 1342 1020 1403 deficiens.
1065 1343 1134 1403 Sed
1150 1344 1276 1403 domus

105 1448 268 1511 rolsrael
290 1464 321 1505 ·s·
344 1448 455 1505 tantum
478 1448 624 1520 praecepit
647 1447 688 1506 eis
705 1447 732 1505 in
748 1448 841 1508 Israel
865 1447 918 1519 ire,
942 1464 978 1507 ne
993 1447 1075 1507 Indoi
1098 1446 1274 1506 occasionem

144 1550 288 1609 haberent
312 1549 423 1608 dicendi
447 1549 483 1607 ad
506 1549 595 1610 alios:
627 1550 758 1623 Pergunt
782 1552 812 1609 et
833 1567 886 1610 nos
910 1551 1067 1611 dimittunt.
1106 1552 1183 1611 Hoc
1216 1566 1275 1607 no·

144 1653 241 1712 mine
263 1671 293 1712 s·
317 1656 351 1711 ut
372 1652 462 1713 Israel
486 1654 669 1713 uocarentur.
703 1654 797 1713 Verba
812 1655 882 1712 sunt
897 1657 997 1728 poetae
1011 1670 1063 1728 per
1078 1653 1275 1729 parenthesin.

144 1756 273 1818 Gratis
306 1756 474 1816 aduerbium
501 1758 548 1815 ost
570 1774 587 1815 a
609 1757 713 1831 gratia.
751 1756 805 1817 Est
834 1758 930 1817 autem
959 1758 1055 1830 gratia
1083 1759 1274 1832 spontaneum

144 1859 261 1931 donum,
285 1859 359 1932 qnod
383 1860 445 1919 sine
468 1860 571 1919 merito
594 1860 681 1919 alicui
703 1861 888 1933 impenditur,
914 1861 975 1920 acsi
993 1861 1101 1921 diceret
1123 1861 1272 1920 dominns:

102 1990 133 2030 15
143 1965 184 2023 Et
207 1979 258 2022 uos
281 1964 337 2022 mei
360 1962 429 2022 estis
453 1965 482 2021 et
504 1979 572 2022 oues
595 1980 673 2023 meae
695 1966 765 2022 sunt
786 1967 817 2022 et
838 1980 946 2038 pascua
972 1980 1034 2023 mee
1059 1966 1136 2024 sunt.
1173 1962 1272 2023 Nolite

142 2081 213 2138 ergo
236 2064 360 2125 uendere
383 2065 453 2123 meis
475 2064 576 2124 ouibus
598 2082 705 2139 pascua
728 2066 755 2124 ·i·
777 2065 937 2125 doctrinam
960 2066 1008 2125 uel
1030 2065 1163 2140 spiritum
1186 2082 1271 2125 sanc·

142 2172 216 2240 tum,
240 2168 289 2242 qni
311 2167 397 2226 datur
418 2186 471 2242 per
493 2168 693 2242 inpositionem
716 2186 827 2228 manus
869 2169 931 2228 Hoc
954 2169 1036 2239 dixit,
1059 2172 1092 2228 ut
1106 2169 1270 2229 sacerdotes

141 2273 302 2346 exemplum
318 2272 466 2341 haberent,
483 2276 628 2345 quatenus
644 2289 679 2331 ne
697 2273 855 2333 uenderent
870 2272 1049 2332 sacerdotale
1065 2272 1269 2336 ministerium.

141 2375 186 2435 In
209 2377 394 2449 paradyso
410 2376 525 2449 qnidam
541 2374 606 2434 fons
622 2377 675 2445 est,
691 2392 725 2435 ex
741 2393 796 2450 quo
811 2378 969 2450 procedunt
983 2378 1122 2450 quattuor
1136 2375 1270 2438 flumina:

99 2480 220 2537 eoGeon
244 2479 305 2554 ipse
328 2480 374 2538 est
396 2477 498 2545 Nilus:
521 2477 630 2537 Phison
654 2479 715 2551 ipse
737 2482 782 2539 est
798 2478 928 2554 Ganges3
950 2479 1046 2554 'l'igris
1062 2482 1092 2539 ot
1107 2478 1271 2554 Euphrates

140 2582 269 2657 propriis
305 2580 471 2641 nominibus
508 2584 658 2641 uocantur.
703 2582 896 2657 Synagoga
932 2582 1038 2642 dicitur
1074 2584 1270 2657 congregatio,

141 2688 219 2746 sient
249 2685 371 2744 ecclesia
400 2683 577 2744 connotatio.
623 2685 797 2745 Dimenso
829 2686 856 2742 ·i·
885 2685 1035 2745 diminuto.
1081 2686 1220 2746 Reduci
1243 2687 1271 2745 ·i·

139 2788 312 2849 reuertenti.
357 2786 384 2844 N
395 2785 423 2845 il
446 2786 553 2846 tollit
575 2805 605 2846 s·
630 2786 705 2847 sicut
729 2785 824 2847 solent
840 2788 941 2847 medici
957 2788 1091 2861 quiddam
1107 2788 1270 2861 praecidere

140 2892 178 2952 de
201 2889 347 2962 membris,
370 2891 402 2947 ut
424 2891 516 2948 totum
539 2905 642 2964 corpus
665 2892 792 2952 sanetur.
828 2893 1054 2950 Instaurans
1073 2890 1100 2949 ·i·
1119 2907 1268 2965 reparans.

95 2993 352 3067 sechelydrus
375 2993 402 3050 ·i.
427 2990 568 3050 diabolus.
605 2993 744 3063 cherson,
767 2996 859 3064 terra3
882 2992 953 3067 ydor
979 3009 1061 3067 aqua,
1086 2993 1150 3051 inde
1178 2993 1269 3052 cheli·

140 3099 212 3156 drns
234 3112 364 3169 serpens,
388 3095 457 3168 quia
479 3095 511 3153 in
534 3097 612 3153 terra
635 3098 663 3153 et
685 3095 715 3153 in
731 3113 805 3170 aqua
820 3098 915 3171 potest
931 3113 1005 3155 esse.
1042 3096 1269 3171 Despectans

139 3200 168 3257 -i·
202 3201 332 3257 deorsum
362 3197 516 3271 aspiciens.
559 3200 670 3271 luges
700 3199 725 3257 ·i·
751 3199 910 3272 continuos,
935 3200 999 3259 ideo
1022 3199 1093 3259 dicit
1115 3201 1207 3277 iuges,
1231 3216 1269 3261 ne

136 3319 194 3378 per
216 3300 326 3374 aliquot
348 3318 439 3360 annos
461 3304 577 3376 putares
593 3316 707 3360 currere
734 3301 942 3362 infirmitatem.
989 3305 1063 3362 Ima
1085 3306 1218 3377 petunt
1241 3304 1268 3362 ·i·

137 3404 266 3464 terrenis
288 3403 389 3478 opibus
419 3404 549 3474 inhiant3
582 3403 695 3463 inhiare
717 3409 762 3464 eet
784 3405 943 3466 intendere.
983 3406 1066 3466 hlodo
1088 3406 1267 3481 allegorizet.

93 3508 199 3569 eoIlla
220 3507 323 3566 mulier
345 3506 489 3580 signifieat
512 3507 588 3581 illos,
614 3508 663 3582 qui
686 3510 811 3582 pondere
834 3512 1012 3583 peecatorum
1036 3510 1128 3585 pressi
1143 3511 1267 3569 terrenis

135 3609 243 3685 opibus
266 3608 453 3668 delectantur.
498 3610 710 3670 Maioribus
733 3610 760 3669 ·i·
783 3611 893 3670 maiora
920 3611 1062 3671 miracula
1084 3628 1168 3685 quam
1191 3614 1267 3672 sient

137 3711 211 3772 fecit
233 3711 357 3785 Moyses,
381 3711 447 3786 plns
470 3714 544 3771 eninr
568 3712 624 3772 fnit
648 3713 681 3771 de
704 3712 817 3773 duobus
840 3714 967 3787 piscibus
990 3717 1020 3773 et
1040 3715 1165 3788 quinque
1181 3710 1265 3788 pani·

134 3818 194 3875 bns
221 3830 355 3887 magnam
385 3815 598 3875 multitudinem
632 3817 740 3875 satiare
768 3834 852 3890 quam
883 3817 918 3876 de
948 3817 1079 3876 inmensa
1111 3818 1266 3891 largitione

135 3917 298 3979 coturnica
330 3915 467 3975 Cotumix
484 3917 560 3977 idem
575 3920 620 3977 ost
635 3922 664 3977 et
679 3920 875 3993 ortigometra.
911 3920 1098 3993 cophinus
1122 3925 1150 3980 et
1170 3922 1265 3981 corbis

91 4024 166 4079 sect
192 4020 333 4078 canthara
356 4019 430 4079 idem
452 4024 530 4086 sunt.
569 4022 687 4080 Aucta
710 4020 737 4079 -i-
759 4021 950 4095 amplificata3
973 4026 1056 4082 tanta
1078 4025 1160 4098 copia
1182 4024 1265 4099 frag·

190 4252 374 4308 tanathosA
451 4253 652 4308 20eulratesA
731 4254 993 4324 dionzigornetmd
1067 4254 1196 4311 corbesA

1284 1050 1329 1087 r.1
1386 1054 1387 1057 ’
