2774 4830
427 329 578 386 Psschsl.
599 329 721 400 Operis
744 329 815 386 Lib.
833 330 872 386 11.
1149 334 1215 401 213

80 523 143 587 est
164 522 401 587 retrorsum.
443 520 534 603 quid
558 526 635 603 est,
657 540 775 600 mere,
798 523 889 605 quia
911 522 1074 606 fugisti,
1096 525 1136 591 et
1156 527 1213 607 tu,

80 624 284 706 Iordanis,
306 623 404 708 quia
425 643 643 691 conuersus
665 645 705 691 es
727 627 976 694 retrorsum?

124 727 333 811 Euangelicae
362 728 504 795 lectionis
534 748 606 814 orgo
633 736 738 796 textus
768 732 815 796 itu
842 730 1059 814 prosequitur:
1082 731 1211 816 bapti·
1225 732 1264 797 13

80 835 197 895 satus
228 836 358 896 sutem
386 830 599 897 confestim
630 834 812 899 escendit
841 834 886 898 de
914 850 1028 917 equa,
1056 836 1096 898 et
1123 852 1212 901 ecce

56 934 210 1016 reperti
244 939 338 999 sunt
370 936 493 1016 caeli,
523 939 562 1000 et
588 936 694 1003 uidit
721 937 923 1020 Spiritum
952 935 1023 1002 Dei
1051 937 1213 1004 descen·

80 1038 236 1104 deutem
275 1040 380 1105 siout
417 1039 639 1105 columbam
677 1041 907 1106 uenientem
935 1058 1051 1125 super
1085 1060 1135 1108 so.
1173 1047 1212 1107 ot

80 1159 175 1207 ecce
208 1160 280 1208 uox
319 1143 363 1209 de
403 1143 526 1209 coelis
564 1142 719 1210 diceus:
753 1144 817 1209 hio
850 1149 911 1211 est
943 1144 1072 1210 Filius
1104 1163 1212 1210 meus

79 1244 271 1325 dilectus,
299 1246 338 1313 in
367 1265 440 1328 quo
469 1247 564 1313 milri
599 1249 697 1313 bene
725 1248 943 1331 conplacui.
982 1248 1212 1314 consideremus

80 1348 246 1427 attentius,
269 1354 422 1433 quantum
444 1351 601 1417 reueletur
622 1354 655 1416 ot
676 1352 709 1416 in
731 1352 789 1417 hoo
810 1351 878 1418 loco
894 1352 1089 1436 mysterium.
1123 1352 1212 1435 post-

45 1471 178 1536 requam
199 1455 285 1519 enim
308 1455 459 1520 Dominus
482 1455 521 1519 de
543 1473 626 1538 aqua
648 1456 825 1538 baptizatus
848 1455 999 1538 ascendit,
1022 1473 1095 1521 mox
1109 1454 1213 1538 aperti

81 1563 158 1621 suut
176 1544 268 1623 'coeli
298 1557 452 1641 quomodo
466 1577 538 1624 mor
557 1560 668 1642 aperti,
691 1576 764 1625 cum
779 1557 913 1646 Christo,
936 1560 986 1625 cui
1001 1577 1095 1642 super
1109 1557 1213 1626 sidera

81 1678 206 1743 semper
232 1667 281 1727 est
303 1664 421 1746 domus,
448 1681 619 1745 numquam
641 1663 765 1728 ceolum
786 1662 929 1730 uideatur
951 1661 1136 1729 obclusum?
1157 1661 1212 1726 sed

80 1760 226 1841 arbitror,
249 1768 402 1848 quantum
423 1767 524 1847 pietas
547 1764 613 1831 eius
630 1765 709 1831 meis
722 1765 863 1831 semibus
877 1766 1037 1849 adspirare
1052 1766 1213 1849 dignatur,

80 1866 165 1949 quod
193 1866 262 1934 ideo
290 1873 365 1935 tuuc
390 1869 491 1954 aperti
519 1872 595 1934 sunt
623 1869 713 1953 caeli,
744 1869 868 1953 quando
897 1868 1048 1935 Dominus
1070 1869 1110 1934 ab
1131 1886 1212 1949 aqua

46 1969 259 2053 rebaptizatus
282 1972 433 2051 ascendit,
451 1978 487 2038 ut
502 1972 568 2039 suis
583 1970 760 2039 misericors
774 1971 901 2039 doceret
916 1971 1063 2053 exemplis
1081 1970 1209 2048 homini,

80 2073 172 2139 cuius
197 2073 334 2157 effigiem
356 2073 502 2159 sumpsit,
527 2075 683 2142 caelorum
705 2092 802 2159 regns
822 2080 899 2141 tuuc
920 2075 1026 2156 pendi,
1049 2092 1122 2140 cum
1144 2091 1210 2138 me·

79 2177 182 2243 ruerit
214 2178 365 2263 spiritalis
397 2197 497 2264 aquae
530 2179 760 2245 consecratione
791 2177 945 2261 perfundi.
988 2178 1071 2261 quod
1104 2180 1211 2242 sutem

80 2277 220 2362 Spiritus
251 2281 309 2347 Dei
339 2300 433 2363 super
455 2301 527 2347 eum
549 2282 581 2347 iu
605 2283 706 2365 specie
727 2282 890 2347 columbae
912 2280 1083 2357 descendit,
1106 2284 1211 2347 osten-

79 2383 169 2448 ditur
202 2386 319 2465 qusnta
348 2385 393 2451 sit
426 2384 493 2450 eius
527 2385 660 2460 bonitas,
695 2385 911 2471 mansuetudo,
939 2383 1128 2468 simplicitas
1158 2402 1213 2467 per

41 2484 241 2552 nouolucrem
257 2486 341 2554 fellis
356 2488 601 2555 amaritudinem
615 2507 676 2554 nou
692 2487 869 2555 habentem.
907 2494 940 2554 et
954 2507 993 2553 ue
1009 2486 1213 2569 corporaliter

81 2587 171 2654 uisus
193 2608 260 2655 esse
281 2591 454 2659 nesciretur
476 2593 570 2668 Deus,
594 2609 670 2657 uoce
691 2591 796 2657 Petris
812 2593 961 2658 asseritur
976 2589 1126 2657 dicentis:
1149 2589 1213 2654 hic

81 2697 146 2756 est
175 2693 310 2760 Filius
338 2714 446 2760 meus
473 2694 666 2775 dilectus,
700 2696 742 2762 iu
772 2715 843 2778 quo
863 2695 962 2762 mihi
985 2694 1209 2777 conplacui.

82 2795 261 2877 puseolum
290 2799 352 2863 iste
380 2797 555 2865 dilectionis
582 2800 713 2866 affectus
735 2800 861 2883 plenam
883 2799 1029 2866 catholici
1053 2797 1212 2883 dogmatis

79 2901 223 2966 continet
253 2901 435 2969 firmitatem
463 2923 618 2988 unamque
646 2903 752 2970 Patris
781 2908 812 2970 ot
835 2903 910 2969 Filii
937 2902 1123 2987 pronuntiat
1143 2918 1211 2965 esse

184 3084 202 3137 3
219 3084 252 3138 ol.
272 3084 372 3141 Manu.
390 3086 416 3150 3,
437 3087 475 3142 16.
496 3087 529 3142 17

135 3256 149 3306 1
168 3252 238 3324 quod
251 3255 349 3326 fugisti
366 3257 447 3312 HBo
546 3259 642 3327 sporo
659 3259 830 3329 prosequitur
847 3274 897 3313 vor
915 3273 997 3313 cunm
1016 3272 1121 3313 ussum
1139 3272 1214 3312 surm

77 3338 111 3393 Β
213 3337 368 3410 baptisatus
385 3346 426 3408 (us
444 3358 479 3397 ex
496 3346 553 3408 um)
571 3344 600 3397 P
700 3345 759 3398 5ei
777 3344 844 3398 coeli
862 3344 912 3398 Bo
1014 3341 1172 3398 ticolumba
1189 3344 1217 3397 P

76 3425 245 3480 colummeus
267 3426 309 3480 Βι
331 3443 403 3482 corr.
424 3429 456 3483 in
483 3445 535 3498 mg.
553 3433 626 3484 ned
727 3431 744 3483 9
767 3429 1016 3485 attentius-enim
1038 3446 1089 3484 oce
1113 3429 1149 3485 Β

79 3510 117 3565 10
133 3510 256 3566 dominus
274 3529 325 3568 om.
344 3514 373 3568 P
458 3514 779 3602 bsptimudusPscorr.
798 3590 810 3597 ¹
867 3518 898 3570 11
912 3515 983 3583 oum]
997 3514 1145 3569 suntHBo

78 3632 117 3685 12
133 3603 207 3716 se'rup
224 3632 253 3685 P
343 3649 447 3703 semper
464 3639 507 3689 est
523 3651 574 3690 om.
593 3635 646 3690 Hc
743 3610 811 3691 caefi
827 3636 859 3701 P,
886 3636 954 3690 eseli
971 3635 999 3689 B
1103 3634 1213 3690 uidetur

77 3749 158 3807 RHo
235 3753 371 3808 occlusum
384 3754 445 3822 Rc,
459 3755 606 3811 ecbcorr.
686 3757 719 3812 13
730 3757 755 3810 ei
769 3758 796 3810 P
867 3728 1211 3841 adspirsreHcorr.m.2,

76 3872 200 3940 aspirare
222 3873 274 3930 PB
375 3876 409 3929 14
432 3848 537 3944 guaddo
560 3876 588 3930 P
602 3892 620 3929 u
638 3893 657 3930 a
673 3878 747 3931 Μ
849 3876 974 3930 dominns
991 3875 1112 3930 ascendit
1128 3891 1170 3975 o⁸

79 3975 116 4029 16
132 3975 230 4043 pandi»
245 3980 268 4039 (ι
280 3978 362 4044 erae.)
377 3976 413 4040 Β,
442 3978 538 4047 pandit
554 3978 587 4033 Β
673 3980 704 4032 17
723 3978 931 4033 consecrationis
949 3978 977 4031 P
1060 3979 1094 4033 18
1110 3979 1212 4064 speeies

76 4078 136 4134 Pt
155 4082 257 4134 cous
353 4080 386 4134 19
404 4081 428 4136 ei
447 4082 474 4136 P
565 4070 990 4139 corolucielloeecms
1082 4082 1116 4137 21
1135 4088 1213 4152 putre

76 4183 155 4236 uocis
173 4182 201 4236 P
297 4157 413 4238 asseritur
430 4184 464 4237 H
564 4185 598 4238 22
615 4201 681 4255 quo·
702 4183 840 4254 conplsoui
858 4184 893 4249 P,
923 4183 1095 4253 complacuit'l
1112 4184 1148 4239 ΙΙ

72 4267 254 4337 asplenos
