2774 4830
133 322 197 387 326
605 319 789 389 Appendix.

21 517 185 585 res-reoiee,
214 516 346 574 balneum
369 531 480 590 graece,
510 514 655 574 lauaerum
683 514 782 576 latine.
827 513 925 573 Rude
953 514 980 572 ·i·
1010 530 1131 589 nouum,
1161 514 1209 573 hic
1234 516 1259 573 ot

131 620 203 677 bueo
231 618 309 677 rudis
340 620 368 676 et
399 617 452 677 boo
481 618 560 688 rude,
584 617 671 676 trium
694 634 831 692 generum
853 620 898 676 est
921 620 950 676 et
971 618 1123 691 signifieat
1147 636 1259 689 nouum,

130 724 243 795 quando
266 738 333 781 uero
356 722 468 795 uirgam
491 721 702 791 decorticatam,
727 720 859 779 feminini
874 723 1023 781 estradis.
1048 722 1153 783 Rudus
1176 726 1258 783 etiam

130 824 242 884 ruderis
272 824 368 883 neutri
398 826 513 897 generis
540 827 595 895 est,
624 825 695 883 trita
724 825 821 897 tegula
851 823 896 882 uel
928 824 1026 884 ruinae
1059 826 1256 887 maceriarum.

129 931 243 1002 Moyses
271 934 370 1002 typum
400 927 508 986 Christi
534 929 653 1000 gerebat
681 926 758 987 siout
786 928 816 987 in
845 928 974 1000 apostolo
996 927 1128 1002 legitur:
1159 929 1283 990 Omnoss

129 1032 158 1091 in
182 1033 279 1104 Mopse
307 1030 448 1104 baptizati
477 1033 546 1090 sunt
576 1030 604 1088 ·i·
633 1032 663 1088 in
687 1030 811 1090 Christo.
848 1031 929 1090 Sicut
958 1032 1032 1090 enim
1057 1034 1196 1093 saluatus
1217 1040 1256 1094 est

128 1136 250 1209 populus
272 1135 366 1193 lsrael
388 1135 420 1192 in
443 1136 513 1193 mari
538 1135 623 1193 rubro
647 1134 700 1193 sub
714 1135 812 1207 Mopse
835 1136 864 1191 et
886 1136 1026 1193 exercitus
1049 1136 1256 1212 Aegyptiorum

129 1239 252 1317 deletus,
277 1242 370 1298 itaet
393 1255 445 1298 nos
467 1242 520 1297 sub
542 1238 655 1297 Christo
679 1240 707 1296 in
734 1239 877 1311 baptismo
904 1237 1052 1298 saluamur
1074 1242 1105 1299 et
1128 1240 1255 1301 diabolus

130 1360 193 1401 cum
216 1343 279 1401 suis
302 1343 529 1401 aduersitatibus
545 1341 680 1401 uincitur.
705 1341 843 1399 Clamat
858 1358 913 1400 uox
929 1342 1036 1400 domiui
1053 1360 1144 1417 super
1161 1361 1253 1418 aquas.

130 1446 273 1515 Quattuor
300 1450 368 1504 suut
390 1447 538 1518 elementa,
563 1462 681 1517 quorum
704 1447 758 1505 duo
781 1445 838 1504 sibi
861 1446 1008 1505 sociantur
1030 1446 1062 1503 iu
1086 1447 1211 1506 leuitate
1231 1448 1281 1507 ·i·n

128 1548 206 1621 iguis
228 1552 257 1608 et
281 1565 338 1619 aer,
364 1565 477 1606 sursum
500 1548 575 1606 onim
598 1565 711 1621 semper
733 1547 882 1611 feruntur:
906 1549 961 1608 duo
984 1550 1137 1608 sociantur
1158 1550 1253 1609 sibiiu

127 1652 274 1723 grauitate
297 1652 324 1709 ·i·
354 1654 432 1709 terra
460 1655 489 1710 et
519 1669 602 1725 aqua,
630 1668 744 1725 semper
772 1652 849 1710 enim
871 1670 888 1710 a
909 1652 1108 1724 superioribus
1139 1652 1177 1711 ad
1204 1654 1255 1712 ima

127 1755 242 1814 cadunt.
284 1754 481 1828 Abyssum,
511 1755 645 1828 abyssum
669 1756 751 1812 uooat
773 1753 890 1812 nimiam
912 1754 1145 1827 profunditatem
1168 1758 1254 1829 scrip-

127 1860 265 1935 terarum,
289 1874 355 1915 num
379 1857 500 1931 abyssus
523 1856 612 1915 nimia
634 1856 813 1929 profunditus
829 1856 944 1915 dicitur.
976 1857 1128 1918 Nimbis
1152 1859 1179 1917 ·i·
1194 1859 1254 1933 plu·

126 1960 193 2021 uiis.
227 1960 348 2020 Nimbus
371 1961 475 2020 dicitur
497 1961 586 2018 deuse
609 1963 638 2018 ot
661 1960 811 2033 repentina
833 1962 933 2034 pluuia
956 1962 984 2019 ot
1008 1959 1116 2020 dieitur
1146 1962 1281 2023 nimbusu

126 2064 208 2136 quasi
232 2065 324 2122 nubus
347 2082 364 2120 a
388 2063 520 2135 nubibus,
544 2064 621 2123 sicut
644 2063 735 2121 imber
749 2062 831 2135 quasi
847 2063 946 2121 umber
962 2063 998 2121 ab
1014 2064 1129 2123 umbra.
1169 2064 1196 2123 N
1202 2081 1252 2124 ec·

125 2166 223 2223 turis
251 2167 278 2223 ·i·
308 2164 479 2224 dulcedinis.
513 2166 620 2225 Nectar
645 2166 780 2239 generale
809 2183 911 2224 nomeu
937 2170 984 2224 est
1006 2168 1136 2226 omnium
1159 2168 1253 2227 dulce-

125 2266 231 2326 dinum.
268 2268 393 2327 Siccus
416 2267 521 2326 dieitur
543 2268 627 2341 quasi
649 2270 711 2327 siue
735 2284 812 2329 suco.
850 2268 1041 2328 Metallum
1065 2274 1153 2329 uocat
1175 2288 1253 2331 omne

125 2369 237 2429 durum.
293 2369 469 2429 Christus
502 2374 585 2427 erat
622 2372 746 2445 panis,
783 2371 917 2444 quoniam
955 2372 1034 2430 dedit
1071 2374 1115 2432 eis
1153 2391 1253 2447 panem

126 2472 202 2530 sicut
217 2473 279 2546 ipse
294 2472 365 2531 dixit
383 2469 450 2545 ‘Ego
467 2491 530 2531 sum
546 2475 630 2546 panis
647 2469 742 2533 uitae'.
775 2474 950 2532 Christus
972 2478 1094 2548 petra,
1119 2477 1283 2550 quoniamae

126 2574 204 2633 dedit
233 2577 276 2635 eis
304 2592 417 2648 aquam,
447 2575 521 2634 sicut
544 2576 691 2649 apostolus
714 2577 771 2639 ait:
796 2578 881 2636 Petra
906 2582 999 2636 autern
1021 2581 1087 2637 erat
1111 2580 1251 2638 Christus.

125 2678 298 2740 christus
321 2680 354 2736 in
379 2679 502 2747 undis,
526 2680 657 2752 quoniam
681 2680 764 2737 duxit
786 2697 833 2739 eos
857 2698 908 2754 por
930 2697 1016 2743 mare.
1045 2681 1206 2742 ltudenti
1228 2684 1251 2741 ·i-

125 2780 308 2841 uociferanti.
344 2782 467 2840 ltuditus
485 2784 598 2856 proprio
618 2788 661 2839 est
681 2800 736 2840 uor
755 2783 901 2842 asinorum
920 2785 994 2842 siout
1012 2784 1129 2845 balatus
1148 2788 1252 2846 ouium.

125 2886 187 2945 Sol
210 2888 322 2945 stetit
345 2886 386 2943 ad
409 2887 556 2945 Gabaon
581 2887 607 2945 ·i·
627 2889 727 2945 contra
744 2885 867 2961 Gabaon,
888 2887 992 2946 ciuitas
1010 2892 1056 2946 est
1072 2890 1252 2963 metropolis.

123 2994 231 3050 Arma
259 2993 391 3051 dicuntur
419 3008 450 3050 eo
479 2991 555 3064 quod
585 3008 680 3050 armos
710 2994 821 3064 tegunt.
867 2990 1065 3050 Famulata
1087 2992 1116 3050 ·i·
1141 2995 1281 3053 obtem-n

124 3094 264 3166 perantia.
306 3095 463 3153 Iesusneue
490 3098 520 3152 ot
542 3096 626 3153 losue
659 3096 734 3153 idom
757 3098 802 3152 est
825 3097 853 3152 et
875 3094 1085 3167 interpretatur
1115 3097 1252 3157 saluator.

124 3197 207 3255 Siue
229 3213 324 3255 moro
348 3198 374 3254 ·i·
398 3198 615 3273 cousuetudine,
639 3198 706 3272 quia
729 3200 805 3256 corni
829 3199 909 3271 prius
932 3199 1026 3257 solent
1049 3216 1152 3273 rapere
1167 3216 1252 3274 quam

123 3298 297 3359 ministrare.
343 3300 460 3360 Anido
483 3301 510 3358 ·i·
544 3301 656 3379 cupido,
678 3301 790 3373 guloso.
826 3301 894 3360 Ales
917 3302 1021 3360 dicitur
1044 3303 1081 3360 ab
1105 3303 1172 3376 alis,
1189 3320 1252 3362 eor·

123 3420 177 3462 uus
200 3419 217 3460 a
240 3403 379 3463 raucitate
402 3421 470 3463 suae
495 3405 582 3467 uocis.
626 3405 802 3463 Heredem
824 3405 851 3462 ·i·
874 3404 1010 3476 Elissam,
1033 3405 1120 3465 heres
1145 3406 1251 3466 dieitur

122 3507 159 3565 ab
192 3506 319 3565 herendo
348 3506 393 3565 uel
423 3509 458 3564 ab
485 3524 533 3566 oro
562 3506 589 3563 ·i·
612 3506 734 3565 domino.
781 3508 907 3580 Astra,
937 3511 1017 3566 astra
1045 3509 1186 3569 dicuntur
1216 3511 1281 3572 aba

123 3612 228 3681 astruo,
252 3611 407 3683 astrologo
452 3609 579 3670 Sulcos
603 3610 630 3667 ·i·
653 3612 743 3683 rigas.
778 3610 847 3669 'l'ria
870 3610 1011 3670 elementa
1041 3610 1155 3672 sulcum
1179 3614 1251 3674 laci·

121 3716 183 3774 unt.
214 3717 273 3772 dor
295 3712 435 3772 diuiditur
457 3712 577 3787 sagitta,
601 3730 675 3786 aqua
698 3730 781 3785 naue,
805 3716 855 3773 eod
871 3714 928 3773 cito
947 3716 975 3773 in
991 3732 1021 3774 se
1038 3720 1205 3791 recurrunt,
1223 3718 1252 3777 in

122 3819 199 3876 terra
229 3835 297 3876 uero
325 3816 423 3877 sulcus
456 3821 561 3890 menet,
592 3817 667 3892 iguis
690 3835 747 3878 non
769 3817 871 3892 recipit
894 3818 1014 3889 sulcum,
1039 3820 1088 3877 sed
1114 3820 1253 3895 quioquid

222 3994 254 4047 21
274 3992 308 4047 er.
327 3994 341 4047 1
358 3991 418 4048 cor.
439 3993 479 4059 ro,
496 3994 514 4046 4

172 4157 190 4209 3
212 4156 304 4225 rudus]
327 4157 402 4212 rudis
424 4157 478 4211 AB
582 4157 615 4210 10
638 4156 768 4211 elementa
786 4158 879 4243 niundi
904 4158 930 4210 B
1033 4158 1066 4212 16
1087 4159 1158 4225 sort.
1179 4179 1256 4217 rrum·

125 4257 172 4311 bus
275 4259 307 4312 31
327 4250 449 4315 astrolo¹⁰
469 4266 513 4330 (go
530 4277 548 4315 α
565 4276 599 4316 err.
616 4263 645 4327 2)
663 4260 690 4315 A
