2774 4830
222 314 243 378 2
718 312 850 366 Sedulii

221 503 282 569 tiro
305 502 398 567 lintre
421 501 623 567 cucurrerim:
656 500 747 566 huius
775 506 854 585 apud
878 504 910 569 te
932 503 1007 569 facti
1031 522 1140 570 causas
1163 524 1343 590 expurgem,

221 612 256 672 ut
280 624 352 671 cum
374 625 423 670 me
447 622 507 669 non
529 604 679 669 audacem
706 604 797 670 fuisse
831 608 1007 690 probaueris
1037 608 1090 673 sed
1125 607 1284 688 deuotum,
1308 610 1342 674 in

219 711 348 792 pectoris
371 707 418 774 tui
440 709 564 791 portum
580 708 694 773 blanda
712 709 940 792 tranquillitate
958 709 1096 792 recipias,
1119 730 1209 793 quem
1225 711 1340 794 guber·

219 814 312 878 nante
334 814 398 878 Deo
427 811 593 876 laetaberis
623 812 709 878 nulla
739 813 902 894 pertulisse
930 813 1101 898 naufragia.
1138 833 1210 878 cum
1231 832 1339 881 saecu

217 916 336 983 laribus
359 915 457 1001 igitur
479 914 590 980 studiis
620 917 785 997 occupatus
808 917 873 981 uim
901 915 1084 999 inpatientis
1107 917 1232 999 ingenii,
1258 918 1373 1000 quode

216 1019 394 1084 diuinitatis
416 1018 449 1082 in
472 1037 521 1082 me
544 1017 742 1100 prouidentia
764 1022 932 1103 generauit,
963 1038 1024 1085 uon
1054 1019 1187 1085 utilitati
1215 1022 1338 1087 animae

215 1123 268 1188 sed
294 1122 378 1186 inani
400 1123 482 1187 uitae
505 1121 717 1204 dependerem,
740 1126 771 1188 et
794 1122 966 1188 litterariae
990 1124 1129 1190 sollertia
1150 1123 1337 1208 disciplinae

215 1227 333 1292 lusibus
355 1223 538 1291 infructuosi
560 1225 669 1309 operis,
694 1244 753 1292 non
771 1227 889 1292 auctori
904 1226 1052 1292 seruiret:
1075 1228 1201 1292 tandem
1217 1229 1337 1293 miseri-

214 1347 280 1394 cors
295 1329 389 1408 Deus,
407 1347 511 1393 rerum
527 1328 677 1409 conditor,
693 1331 880 1395 clementius
895 1330 1042 1396 fabricam
1059 1330 1108 1395 sui
1123 1331 1200 1396 iuris
1215 1333 1336 1414 aspexit

213 1435 245 1496 et
273 1432 385 1497 stultos
413 1433 446 1496 in
474 1452 525 1497 nne
554 1430 726 1497 mundanae
755 1432 924 1516 sapientiae
952 1432 1070 1498 diutius
1093 1430 1203 1497 haberi
1224 1451 1371 1498 sensusne

212 1534 346 1601 indoluit
378 1552 414 1600 ac
447 1534 569 1599 fatuum
609 1535 791 1618 prudentiae
829 1534 970 1601 mortalis
1009 1534 1170 1620 ingenium
1204 1536 1334 1602 caelesti

211 1639 275 1704 sala
298 1636 446 1703 condiuit.
483 1655 614 1720 moxque
642 1643 678 1702 ut
703 1637 932 1704 cordisoculos
963 1637 1090 1703 interior
1120 1638 1220 1721 caligo
1244 1639 1333 1704 dese·

210 1743 282 1820 ruit,
306 1759 360 1824 por
380 1740 484 1806 sentes
500 1740 621 1806 dumosi
636 1742 715 1806 ruris
738 1742 875 1807 errantia
896 1743 928 1807 iu
951 1743 1077 1807 herbam
1100 1740 1185 1806 ilorci
1208 1742 1334 1824 cespitis

209 1845 330 1912 reuolui
352 1843 486 1928 uestigia
502 1846 634 1927 totoque
657 1845 727 1910 nisu
742 1844 880 1911 melioris
896 1845 1019 1911 arbitrii
1036 1846 1155 1910 cultum
1170 1844 1333 1911 inlustrati

257 2137 357 2205 Ityro
384 2133 620 2190 CDEFKRSYb
721 2134 797 2188 lintri
815 2135 843 2188 A
944 2135 1070 2189 currerim
1092 2135 1123 2203 V,
1152 2135 1329 2188 concurrerim

205 2221 223 2290 β
307 2224 374 2290 aput
390 2222 446 2275 Pm
540 2219 606 2274 iacti
624 2219 693 2289 apud
711 2222 739 2273 tc
755 2221 783 2274 A
874 2236 978 2274 caussas
996 2221 1024 2274 A
1115 2220 1266 2290 expurgem]
1287 2237 1330 2274 ex·

205 2321 301 2375 ponam
324 2307 369 2361 nel
390 2320 539 2375 expromam
561 2306 631 2360 coni.
657 2305 762 2374 Woplc,
785 2311 850 2374 post
870 2322 894 2360 o.
912 2321 967 2361 ras.
984 2306 1018 2360 in
1038 2306 1069 2359 Ε
1169 2305 1329 2360 taudacem

204 2408 256 2447 non
275 2392 352 2448 Aoo
436 2391 518 2445 fuisse
535 2407 556 2446 a.
574 2391 592 2445 l.
610 2391 638 2445 t²
730 2390 893 2446 3blandum
912 2393 937 2445 A
1024 2390 1213 2460 tranquilitate
1231 2391 1261 2446 F

204 2478 307 2533 blanda
324 2477 554 2548 tranquillequeq
650 2477 761 2547 recipias
779 2494 821 2532 me
839 2482 891 2544 (ms
908 2479 939 2532 in
953 2495 1001 2548 mq.
1015 2476 1134 2547 odolo
1229 2478 1327 2546 guber·

204 2568 286 2619 naute
303 2564 409 2618 domino
427 2563 554 2634 Recio
648 2564 826 2618 tlaetaueris
842 2565 870 2618 A
954 2564 1092 2634 naufrigia
1109 2565 1135 2618 A
1229 2565 1325 2619 50cu-

203 2687 280 2753 pstus
298 2685 355 2738 AP
434 2650 577 2753 ''patienus
596 2685 634 2750 (in
652 2702 671 2740 u
688 2701 722 2740 sn.
734 2687 763 2751 2)
782 2681 817 2739 Η
824 2701 851 2752 c,
878 2686 1035 2754 inpacientia
1049 2687 1188 2756 pleriqne3
1214 2688 1238 2742 ei
1256 2693 1283 2740 et
1300 2688 1325 2740 ti

199 2772 412 2840 permutationes
433 2771 465 2824 in
481 2770 557 2825 codd.
581 2785 601 2825 a.
620 2771 741 2825 Ill-K
761 2787 819 2826 non
840 2771 1028 2841 infrequentes
1049 2774 1105 2827 nisi
1126 2773 1175 2826 nbi
1198 2777 1326 2829 momenti

201 2874 254 2913 esse
271 2857 419 2911 maetam
440 2872 498 2910 non
514 2856 612 2911 antoni
714 2857 796 2927 quod]
819 2873 898 2926 quam
921 2857 1072 2926 Inpsiensie
1089 2874 1110 2912 s.
1128 2857 1217 2926 XHI,
1244 2877 1325 2928 quens

204 2945 336 3000 cennos
363 2943 510 2998 &annm
535 2942 633 2996 Asnts.
660 2945 745 2997 secuti
771 2949 837 2998 sunt
961 2945 977 2998 6
1004 2943 1123 2998 diuinam
1150 2961 1192 2999 me
1218 2943 1251 2999 K

200 3029 394 3099 prouidentiae·
410 3030 438 3083 A
534 3028 617 3082 enimi
635 3030 663 3083 A
766 3029 935 3084 ilitersriae
951 3030 1016 3096 AK,
1046 3030 1164 3099 literaliq
1181 3032 1215 3097 P,
1245 3033 1323 3088 litto·

198 3117 292 3184 mariq
313 3115 359 3178 B‘,
387 3115 564 3168 litteratoriae
587 3114 686 3185 lieet
705 3115 756 3170 SV
864 3117 972 3170 solertia
993 3117 1051 3170 ΑΚ
1162 3116 1325 3186 disciplinae

198 3200 318 3257 sollertia
343 3201 367 3256 0
489 3202 506 3255 8
533 3200 648 3256 lussibus
674 3202 702 3255 A
822 3203 943 3257 naumori
969 3203 1034 3267 Pu,
1062 3204 1176 3257 auctori·
1201 3204 1251 3258 Et

196 3287 322 3406 smuirem
341 3322 364 3388 (t
382 3338 401 3375 o
411 3337 445 3375 nr.
457 3322 488 3388 2)
505 3320 542 3386 K,
570 3320 714 3375 deseruiret
732 3322 798 3388 Pan
826 3323 928 3376 auctori
940 3322 995 3377 Deo
1007 3323 1152 3378 deseruiret
1163 3325 1226 3378 Alci.
1240 3326 1321 3396 Spin.

197 3422 297 3476 Poelm.
398 3423 562 3478 missericors
580 3424 607 3477 A
709 3424 807 3479 tideus
826 3442 875 3480 om.
893 3426 1112 3496 APRep.1be,
1140 3443 1260 3496 mona.
1279 3432 1321 3500 K,

194 3521 215 3560 s.
233 3509 250 3560 l.
267 3507 306 3574 F3
332 3508 368 3575 cf.
389 3509 477 3564 Corin
497 3509 568 3565 160
585 3515 610 3564 et
627 3511 707 3566 Pros.
811 3513 853 3565 sui
871 3514 936 3566 iuris
954 3512 973 3566 f.
992 3512 1054 3578 At,
1085 3513 1127 3567 sui
1144 3514 1163 3568 f.
1182 3514 1200 3568 i.
1219 3515 1321 3586 Req.2

198 3627 264 3683 Vas
357 3630 423 3683 suns
441 3645 475 3685 ee
493 3631 567 3698 gns
584 3631 619 3696 P,
646 3632 730 3700 opens
752 3632 793 3704 ορ
888 3633 921 3687 ro
938 3637 965 3687 st
983 3633 1090 3688 sturni
1107 3635 1142 3701 s,
1168 3639 1196 3689 a
1213 3611 1318 3694 stultis

192 3710 229 3768 B'
332 3716 465 3769 mundane
480 3717 604 3786 plerique
705 3717 801 3773 habore
818 3719 887 3773 ΑΚι
992 3721 1021 3774 11
1045 3720 1176 3775 indul-uin
1195 3724 1219 3790 (e
1236 3725 1317 3779 aeto

191 3837 273 3904 eras.)
290 3836 330 3902 A,
357 3836 475 3893 indotuit
492 3837 521 3891 P
611 3839 729 3893 fatuum
746 3833 782 3892 K
879 3838 910 3892 12
927 3805 1047 3894 condifi‘t
1063 3841 1091 3894 A
1176 3814 1260 3897 intior
1277 3848 1316 3911 A,

189 3953 352 4012 intersero
456 3930 548 4043 {eligo
571 3958 605 4012 K
703 3958 851 4015 desento
959 3962 992 4016 13
1015 3960 1118 4016 dumosi
1140 3963 1181 4028 A,
1211 3967 1316 4020 tumosi

187 4055 217 4112 R
307 4058 477 4114 mrimrentis
493 4062 528 4115 B'
547 4064 577 4131 (u
593 4077 627 4117 m.
645 4067 671 4129 1)
762 4063 825 4117 orba
842 4060 877 4119 K
879 4067 908 4120 P
1002 4067 1088 4121 florei·
1107 4067 1148 4133 K,
1178 4067 1266 4123 floridi
1290 4071 1319 4124 V

136 4180 140 4185 -
188 4141 254 4196 Ata.
361 4146 466 4214 cispitis
487 4147 516 4202 A
628 4148 804 4205 sanuciani
825 4150 907 4222 {lanu
1014 4154 1158 4209 inlustrate
1179 4154 1222 4209 Κ*
1239 4170 1315 4212 corr.

188 4243 223 4280 sn.
241 4229 270 4292 2,
301 4227 432 4284 illustrsti
453 4231 505 4288 01>
