2774 4830
110 302 174 370 346
583 302 764 371 Appendin

12 510 175 571 ea-ueecus,
209 496 329 570 ideoque
361 493 523 569 corripitur.
568 494 750 556 Prohibet
771 496 800 555 ·i·
823 512 880 555 nou
906 494 980 566 uult,
1015 496 1048 555 ut
1076 509 1130 569 per
1150 492 1237 555 telem

109 600 214 659 testem
247 600 445 678 annuntietur,
478 598 547 673 quia
581 616 637 659 non
671 602 717 659 est
749 599 877 673 pretiosa
919 599 948 657 in
983 615 1031 657 ore
1064 599 1235 674 peccatoris.

109 701 248 775 Nigrae
271 702 413 763 mortis.
447 702 566 776 Nigrarn
589 703 708 762 mortem
729 702 800 763 dicit
813 718 830 762 a
845 718 958 776 graeco,
981 701 1056 776 quod
1073 704 1119 761 est
1132 700 1237 761 uictos.

108 806 185 865 Nam
209 806 307 878 nigros
322 804 501 880 appellamus
515 808 654 875 mortuos,
673 803 750 865 sicut
763 808 793 865 et
806 806 944 865 candidos
960 805 1103 865 uiuentes.
1142 803 1237 864 Ami-

109 924 195 969 cum.
230 909 361 969 Amicum
385 908 464 969 illius
489 909 620 980 dicimus,
644 907 765 969 amicum
788 907 832 967 illi
847 908 1039 983 possessiuum
1054 909 1112 979 eet,
1128 907 1265 966 amicust

109 1010 152 1072 illi
181 1012 397 1086 adquisitiuum.
442 1013 583 1085 begeus
606 1013 632 1071 ·i·
657 1012 811 1087 nauigans,
841 1011 916 1072 unde
937 1010 1095 1085 Virgilius:
1121 1011 1237 1085 Legunt

109 1116 175 1176 uela
197 1117 224 1175 i·
247 1116 395 1190 nauigant.
434 1115 650 1190 Spiremina.
686 1114 848 1189 Spiramine
863 1116 949 1173 uocat
964 1129 1077 1186 sensus,
1100 1128 1237 1188 perquer

108 1223 261 1294 spiramus.
315 1219 448 1292 Ruptis
491 1217 760 1293 penetralibus
796 1217 823 1277 ·i·
860 1217 1044 1277 interioribus
1081 1215 1236 1285 reseratis;

107 1324 258 1398 penetrale
280 1325 328 1384 est
349 1325 492 1383 secretum
514 1323 703 1397 penetrabile,
733 1323 807 1396 quod
831 1320 979 1395 penetrari
1000 1323 1108 1395 potest.
1155 1319 1236 1378 Pro·

107 1428 280 1488 eumbens
311 1426 338 1485 ·i·
361 1427 494 1486 damnate
529 1426 630 1487 oculis
668 1427 796 1500 Speciem
830 1424 984 1485 simulatae
1016 1424 1118 1484 mortis
1153 1424 1265 1483 uocatu

107 1532 285 1603 caecitatem,
308 1547 364 1605 qua
385 1529 492 1589 mortui
514 1547 571 1589 nou
593 1531 704 1591 uident.
750 1530 893 1602 Stagna
915 1528 942 1587 ·i·
968 1544 1053 1588 mare.
1091 1526 1234 1600 Stagnum

107 1634 213 1695 dicitur
235 1651 252 1693 a
274 1634 388 1711 stando,
411 1632 460 1692 ubi
484 1650 558 1707 equa
579 1635 649 1693 slat.
682 1633 724 1690 In
748 1633 834 1691 alno
858 1631 886 1689 ·i·
910 1632 939 1691 iu
962 1631 1107 1693 nauicula.
1143 1629 1236 1689 Alnus

108 1740 154 1797 est
175 1738 285 1811 species
307 1734 430 1807 arboris,
461 1738 496 1796 de
519 1753 575 1810 qua
598 1739 666 1795 sunt
688 1753 786 1809 naues,
809 1734 890 1809 ponit
912 1736 1009 1794 autem
1031 1734 1161 1806 speciem
1182 1750 1234 1807 pro

107 1855 220 1913 genere.
251 1840 410 1914 Aquosie
433 1839 610 1914 gentibus
628 1840 654 1897 ·i·
670 1839 808 1913 piscibus.
833 1838 873 1897 De
889 1837 1016 1911 piscibus
1031 1840 1139 1911 gentes
1155 1835 1233 1907 dicit,

107 1945 181 2005 sicut
204 1944 344 2018 Virgilius
366 1945 402 2002 de
424 1944 527 2017 apibus
554 1940 659 2017 ‘gentis
688 1942 802 2003 adultos
824 1944 950 2001 educunt
978 1936 1082 2001 loetus'
1107 1944 1138 1999 et
1160 1940 1266 2002 idemrs

106 2047 169 2123 ipse
191 2049 225 2106 de
246 2046 375 2121 piscibus
399 2044 469 2106 ‘ibet
490 2064 555 2106 eum
582 2046 660 2105 uasti
683 2046 788 2104 circum
809 2060 881 2117 gens
904 2044 1021 2103 humide
1042 2039 1147 2117 ponti,
1169 2059 1233 2101 cum

107 2151 141 2210 de
170 2150 274 2210 Proteo
303 2149 477 2224 loqueretur.
521 2148 714 2223 Exequiis.
753 2147 898 2222 Euequiae
927 2149 996 2206 eunt
1024 2145 1131 2221 cilicia,
1161 2163 1234 2221 quae

106 2255 227 2313 mortuis
250 2252 454 2324 inpenduntur,
477 2253 555 2312 dicte
577 2251 614 2311 ab
631 2253 806 2326 exequendo.
830 2251 970 2310 Funere
985 2250 1012 2308 ·i·
1026 2253 1129 2329 morte,
1147 2247 1234 2309 funus

107 2355 212 2415 dicitur
245 2372 321 2415 mors
352 2354 510 2414 aluuibus
536 2355 564 2414 -i·
592 2353 730 2415 candelis.
776 2353 917 2414 candelae
950 2354 1019 2413 sunt
1053 2351 1140 2412 iones
1167 2368 1234 2411 cera

107 2458 200 2518 obliti.
243 2459 343 2518 Vrna
372 2457 399 2514 ·i·
428 2457 576 2531 sepultura
605 2459 653 2519 uel
687 2458 784 2517 mariti
814 2459 858 2517 uel
886 2457 950 2519 filii.
983 2456 1063 2516 Vrua
1088 2471 1144 2515 uas
1171 2457 1266 2521 erat„

108 2563 183 2635 apud
207 2562 351 2635 antiquos,
375 2563 423 2621 ubi
446 2563 557 2621 cineres
580 2564 753 2622 mortuorum
777 2561 910 2621 solebant
931 2560 1056 2632 recondi,
1079 2559 1159 2619 unde
1180 2575 1233 2632 pro

107 2664 256 2739 sepultura
270 2665 398 2738 ponitur,
414 2665 490 2724 idem
504 2669 548 2724 est
564 2668 592 2725 et
608 2666 752 2725 memoria.
776 2667 934 2724 Feretro.
952 2666 1103 2723 Feretrum
1118 2678 1232 2736 graece,

105 2769 196 2828 latine
224 2767 344 2843 capulus
366 2786 383 2828 a
411 2769 558 2843 capiendo.
595 2770 744 2829 Feretrum
773 2772 802 2828 et
830 2768 939 2828 faretra
966 2768 1003 2827 ab
1030 2785 1088 2827 uno
1119 2783 1232 2843 graeco,

106 2873 180 2946 quod
202 2876 249 2933 est
270 2872 351 2932 lorou
373 2874 496 2932 ueniunt
509 2873 537 2930 ·i·
552 2874 636 2934 ferre.
661 2874 755 2933 Vnum
774 2873 850 2932 enirn
865 2871 923 2930 lert
938 2873 1089 2945 mortuum,
1106 2870 1234 2929 alterum

105 2978 235 3038 mortem.
280 2976 461 3035 Residens
484 2978 513 3034 et
535 2976 689 3050 loquens
712 2978 767 3036 duo
796 2976 881 3050 sigua
910 2976 978 3034 sunt
1009 2974 1096 3043 uitae,
1130 2974 1160 3031 et
1188 2976 1266 3033 estes

105 3079 310 3156 hysterologia,
343 3079 467 3153 primum
504 3081 579 3139 euim
617 3080 731 3154 reuixit,
769 3080 871 3140 deiude
906 3079 1023 3139 resedit.
1069 3076 1235 3136 Candide

105 3198 235 3255 pompa
258 3182 284 3240 i·
306 3182 384 3241 laeta
411 3183 514 3255 gloria.
549 3183 612 3242 llos
634 3184 771 3257 antiquus
798 3186 872 3253 eret,
894 3186 928 3240 ut
948 3183 979 3240 in
1001 3180 1234 3240 aduersitatibue

106 3287 136 3343 et
157 3283 304 3345 doloribus
327 3284 417 3361 pullis
440 3285 570 3346 uestibus
594 3286 621 3344 ·i·
644 3287 737 3360 nigris
758 3285 956 3359 induerentur,
983 3285 1014 3343 in
1036 3282 1233 3359 prosperitate

106 3402 172 3445 uero
195 3390 224 3445 et
248 3387 278 3446 in
305 3389 419 3449 laetitia
447 3390 586 3464 candidis,
615 3391 669 3450 hoc
698 3394 745 3451 est
772 3389 848 3463 quod
877 3389 950 3450 dicit
972 3387 1092 3449 candide
1114 3404 1231 3463 pompa.

105 3488 304 3562 Squameus
327 3508 377 3565 pro
401 3508 578 3565 squamosus.
613 3494 725 3566 Anguis
748 3493 852 3552 dicitur
867 3508 1035 3565 squamosus
1051 3490 1078 3548 ·i·
1094 3505 1266 3564 squamosos

104 3592 222 3665 babens,
253 3595 327 3654 sicut
348 3595 436 3669 piscis
459 3598 495 3655 ad
517 3599 631 3656 modum
653 3597 768 3669 loricae,
801 3597 875 3655 uude
898 3594 1129 3655 inuulnerabiles
1152 3597 1233 3655 suut.

105 3691 279 3757 deheuna
307 3699 497 3772 compositum
526 3703 571 3759 est
596 3717 630 3760 ex
653 3718 688 3774 ge
710 3703 739 3759 et
761 3716 834 3759 enne
855 3702 885 3759 et
914 3698 1124 3772 interpretatur
1146 3696 1236 3757 uallis

104 3798 249 3872 gratuita,
278 3816 315 3874 ge
336 3802 414 3861 enim
443 3802 579 3862 hebraice
607 3802 695 3863 uallis
724 3804 838 3873 dicitnr,
861 3801 983 3861 Henuon
1005 3800 1126 3875 quidam
1148 3802 1236 3862 homo

206 4018 487 4072 6cf.Aen.111e32
582 4018 614 4072 15
632 4017 679 4072 (ie.
698 4018 738 4073 1v
758 4018 808 4073 162
900 4019 933 4072 16
951 4018 997 4074 Ge.
1017 4018 1132 4077 1v430

156 4225 188 4276 15
205 4223 290 4277 eidem
308 4224 336 4278 A
438 4223 471 4276 16
488 4224 560 4277 euim
577 4224 605 4277 A
707 4225 741 4278 ‘22
760 4225 859 4280 deordia
876 4226 903 4279 A
