2774 4830
425 334 579 391 Paschal.
600 336 721 405 Operis
743 334 813 390 Lib.
832 336 871 391 ΙΙ.
1152 339 1213 403 201

84 521 236 599 membra,
276 524 308 587 ct
336 524 388 588 cui
412 523 490 588 caeli
512 543 628 608 paruus
666 530 714 590 est
736 526 836 609 limes,
866 527 947 589 terra
975 524 1090 603 delicit,
1121 526 1217 591 maris

84 626 168 690 unda
197 644 259 690 non
287 624 406 691 suflicit
434 627 545 709 plenus
575 632 692 694 mansit
721 626 752 691 in
782 646 908 709 corporo
937 630 1061 710 puerili,
1095 630 1217 694 modico

84 729 168 793 Deus
191 727 345 793 recubans
367 729 400 793 in
423 732 575 812 praesepi.

124 848 227 930 Salus,
257 869 369 932 parens
406 850 534 932 optima,
557 852 638 916 tanti
662 852 745 934 regis
767 854 928 935 puerperio
952 856 1139 927 consecrata,
1162 852 1245 935 quid

57 953 225 1034 esupernis
256 953 302 1017 ita
331 955 445 1038 iugiter
467 954 647 1020 dominatur
669 964 701 1019 et
723 956 864 1033 inferuis,
888 961 925 1020 ut
948 956 1015 1021 cius
1037 956 1216 1037 imperium,

82 1063 221 1136 potestas
244 1062 275 1119 et
297 1074 408 1120 nornen
432 1076 488 1121 nec
510 1057 638 1121 initium
663 1058 785 1123 nouerit
807 1058 922 1123 habere
943 1059 1120 1136 noctuam,
1137 1077 1214 1140 quae

82 1158 168 1223 beati
196 1161 317 1223 uentris
346 1159 460 1224 honore
488 1160 653 1242 conspicuo
681 1161 777 1225 simul
805 1169 838 1225 et
860 1168 962 1226 mater
984 1181 1053 1227 esse
1077 1162 1215 1244 probaris

81 1267 112 1325 et
143 1262 241 1343 uirgo.
281 1263 330 1326 cui
359 1264 446 1328 nulla
474 1265 599 1346 penitus
628 1265 767 1347 aequalis
797 1264 916 1329 femina
946 1265 1109 1347 reperitur,
1137 1282 1214 1347 quae

81 1374 172 1429 tuum
201 1369 296 1431 decus
325 1367 471 1432 similiter
494 1369 699 1449 praecesserit
731 1373 787 1433 aut
811 1371 977 1449 sequatur:
1002 1369 1068 1433 sola
1091 1368 1215 1449 placens

44 1500 70 1539 ro
81 1468 286 1552 singulariter
309 1466 431 1535 christo
454 1470 534 1534 nulli
557 1471 747 1553 compararis
770 1470 920 1553 exemplo.

123 1590 212 1654 Tunc
243 1590 375 1672 angelici
408 1591 601 1657 iucunditate
630 1592 783 1657 sermonis
805 1600 947 1674 pastores
970 1591 1065 1674 primi
1087 1595 1244 1674 gregemt

80 1713 173 1758 suum
202 1694 360 1760 nocturnis
391 1694 509 1777 uigiliis
538 1700 729 1759 reseruantes
758 1706 867 1760 natum
898 1695 1069 1760 Dominum
1097 1712 1213 1777 coguo-

80 1798 203 1873 uerunt‚
238 1801 274 1862 ut
310 1802 343 1862 et
376 1799 553 1880 pastoribus
583 1803 691 1879 pastor
720 1799 830 1862 mundi
860 1798 1043 1863 claresceret
1072 1806 1104 1862 et
1131 1799 1215 1863 inter

79 1918 192 1983 greges
221 1918 321 1982 agnus
343 1903 468 1984 genitus
494 1905 670 1984 appareret.
709 1901 808 1985 igitur
831 1908 866 1965 ut
889 1903 1089 1982 euangelicus
1111 1920 1214 1965 sermo

41 2008 233 2080 „testatum
271 2005 317 2069 ita
353 2004 575 2086 pronuntians:
619 2007 659 2069 et
700 2004 834 2068 subito
878 2005 984 2069 lacta
1028 2012 1086 2070 est
1130 2022 1214 2067 cnm

79 2109 222 2189 angelo
259 2109 478 2173 multitudo
514 2107 692 2173 militiae
728 2108 921 2173 caelestis
964 2107 1214 2173 laudantium

80 2210 199 2275 Deum
236 2224 275 2275 et
311 2211 547 2277 dicentium:
584 2212 714 2294 gloria
751 2212 789 2276 in
825 2211 1039 2277 altissimis
1062 2213 1138 2276 Dee
1176 2222 1215 2273 st

77 2312 118 2377 in
152 2320 261 2379 terra
293 2335 363 2398 pax
393 2316 620 2381 hominibus
648 2317 769 2381 bonae
798 2316 1033 2380 uoluntatis.
1078 2311 1214 2379 ostendit

80 2415 302 2500 Euangelistae
338 2419 440 2484 fidelis
476 2420 618 2501 assertio,
656 2419 693 2485 de
729 2421 816 2484 cuins
850 2424 995 2503 ageretur
1028 2418 1080 2482 hic
1109 2434 1213 2499 regno.

37 2520 204 2601 „quando
233 2523 374 2587 caelestis
407 2521 528 2586 militae
557 2522 727 2588 multitudo
750 2524 851 2587 Deum
880 2522 989 2587 laudat
1019 2522 1052 2585 in
1082 2518 1213 2596 Christo,

79 2628 116 2686 ut
138 2624 211 2688 licet
233 2625 371 2690 humana
393 2626 489 2691 luerit
511 2644 567 2706 pro
590 2626 701 2691 matris
723 2624 902 2690 condicione
931 2624 1056 2701 creatio,
1086 2621 1214 2687 deitatis

76 2734 185 2791 tamen
214 2747 278 2792 una
307 2728 483 2793 communio
506 2730 632 2793 Patrem
664 2731 807 2811 cognosci
838 2727 1029 2792 demonstret
1060 2726 1091 2789 in
1121 2724 1213 2791 silio.

77 2828 224 2895 dicebant
254 2848 346 2913 ergoz
377 2830 507 2913 gloria
536 2832 574 2895 in
605 2831 826 2895 altissimis
857 2832 943 2895 Deo.
982 2830 1090 2911 utique
1112 2830 1144 2892 in
1166 2827 1214 2891 al·

78 2933 211 2997 tissimis
248 2934 346 3017 gloria
378 2934 437 3000 Dei
474 2935 656 3017 permansit,
694 2933 775 2999 unde
808 2931 950 2998 Christus
987 2932 1115 2996 ueniens
1154 2948 1214 2995 nou

36 3039 219 3109 coracessit.
269 3044 307 3103 et
340 3038 378 3102 in
411 3046 518 3103 terra
551 3056 624 3119 pax
662 3038 884 3103 hominibus
922 3039 1043 3101 bonae
1077 3036 1213 3100 uolun-

184 3240 217 3291 15
235 3238 298 3292 Luc.
316 3239 341 3301 2,
363 3240 404 3294 13.
424 3240 456 3294 14

132 3430 144 3482 l
174 3429 276 3482 caelum
302 3444 319 3482 e
423 3427 500 3481 limes
522 3432 561 3491 (es
579 3442 614 3481 ac
631 3428 655 3479 is
673 3430 754 3491 corr.)
778 3426 817 3491 R,
854 3426 928 3480 limis
955 3426 1013 3481 PH
1115 3426 1212 3481 defecit

76 3550 107 3604 P
207 3548 365 3602 2snificiat
388 3547 423 3602 H
522 3520 660 3600 31d⁸tans
677 3551 760 3611 (corr.
777 3564 813 3601 ιιι.
832 3548 862 3607 2)
886 3545 914 3600 R
1014 3546 1127 3601 lusus
1145 3528 1212 3601 solu

76 3682 192 3722 manian
215 3668 242 3723 B
344 3632 512 3748 teupernds
535 3669 616 3732 (corr.
634 3682 669 3721 ιιι.
687 3670 718 3729 2)
742 3669 772 3719 H
874 3640 964 3747 inlidis
987 3666 1021 3730 P,
1058 3666 1158 3719 infimis
1176 3666 1212 3731 R,

76 3772 191 3824 internis
207 3771 309 3839 scripsi
395 3786 457 3823 eum
470 3769 553 3823 frenis
570 3769 606 3823 Η
688 3773 717 3822 et
733 3767 1034 3822 infimisdominature
1118 3774 1213 3837 drep-

77 3857 182 3925 pcritur
199 3856 231 3911 H
328 3850 459 3940 tldec'em
478 3856 506 3909 P
602 3860 720 3911 maur
737 3858 777 3920 H,
807 3856 932 3922 signatur
949 3870 966 3908 o
983 3857 1124 3923 (sequatur
1141 3856 1211 3908 coni.

78 3960 165 4023 Gall.)
271 3960 304 4013 10
325 3960 401 4014 nulle
423 3960 452 4016 R
555 3961 587 4013 11
611 3974 660 4015 var
684 3974 858 4015 arescamus
882 3959 1015 4013 uuumau'
1039 3974 1076 4013 ιιι
1100 3974 1211 4015 suosne

79 4046 107 4101 lc
210 4044 376 4101 iocunditate
403 4046 471 4111 PR,
505 4045 672 4099 „cunditate
699 4047 740 4111 H,
776 4045 942 4100 facunditate
968 4063 985 4100 o
1098 4044 1130 4099 12
1156 4062 1210 4099 ser-

78 4174 175 4219 uantes
194 4183 209 4219 c
306 4168 338 4221 14
355 4139 467 4235 apparel
485 4172 524 4232 (re
534 4182 553 4220 a
566 4184 600 4221 m.
613 4169 644 4232 2)
662 4166 696 4220 H
785 4138 934 4251 euangelii-'er
951 4166 981 4217 11
992 4182 1061 4219 cerr.
1075 4168 1143 4219 m.2

79 4270 112 4325 ιι
131 4252 195 4323 effi
215 4270 243 4324 Ρ
338 4272 370 4325 rs
386 4272 441 4325 see·
459 4270 487 4324 P
578 4270 613 4323 sa
629 4272 831 4325 demonstrate
917 4268 975 4323 ιιι
996 4270 1052 4325 ιιι.
1071 4269 1142 4328 Par.
