2774 4830
154 339 221 408 302
657 335 793 393 Sedulii

156 529 322 612 praecepta
349 526 527 613 dispergere
556 526 697 610 sacrique
725 526 923 610 baptismatis
957 528 1084 593 unicam
1115 525 1296 595 trinitatem

157 632 281 698 cunctis
313 629 461 716 gentibus
490 644 685 713 praerogare,
707 630 754 696 sic
767 628 912 712 inquiens
932 646 970 695 ac
990 629 1182 698 decernens:
1206 631 1296 698 data

157 737 222 802 est
250 734 347 799 mihi
377 735 500 799 omnis
527 736 705 818 potestas
733 734 772 798 in
796 733 904 799 caele
927 734 967 799 et
987 733 1027 799 iu
1050 734 1172 801 terra
1211 754 1295 803 eun·

158 843 218 905 tes
248 857 349 903 nuuc
381 840 519 903 docete
548 826 677 902 omues
706 839 861 921 gentes,
891 836 1147 921 baptizantes
1169 856 1237 905 eas
1258 839 1294 906 iu

157 942 317 1008 nomine
339 940 471 1006 Patris
498 943 537 1005 et
559 940 657 1005 Filii
684 943 723 1005 et
745 938 930 1022 Spiritus
962 940 1116 1019 sancti,
1151 940 1318 1009 decen-r

157 1049 219 1111 tes
242 1062 305 1110 cos
327 1061 485 1109 seruare
508 1044 653 1122 omnia,
678 1045 1293 1126 quaecumquemandauincbis,

157 1148 190 1213 et
211 1147 324 1213 cetera.

103 1268 145 1331 38
200 1266 341 1351 Cumque
364 1266 542 1333 diuinitatis
565 1269 669 1332 omnia
689 1266 870 1333 mandasset
885 1268 1018 1351 impleri,
1033 1285 1108 1333 mcx
1123 1271 1157 1334 iu
1174 1270 1292 1337 Batba·

156 1370 243 1437 niam
273 1370 386 1436 iisdem
415 1373 532 1456 pariter
561 1371 682 1436 eductis
712 1389 854 1455 egressus
882 1390 984 1437 ceram
1017 1370 1121 1438 beatis
1149 1374 1292 1457 pretinm

156 1474 245 1554 uiris,
274 1474 329 1556 qui
357 1475 439 1541 tanti
469 1474 620 1542 uisionem
649 1474 802 1557 triumphi
830 1493 969 1540 meruere
997 1475 1115 1556 sortiri,
1143 1496 1205 1560 per
1227 1494 1318 1545 arasa

156 1579 283 1643 euectus
305 1578 470 1657 aetherias,
487 1596 602 1644 arcem
625 1578 759 1644 sidereae
786 1578 1006 1644 dominationis
1032 1581 1179 1647 ascendit
1201 1581 1236 1649 et
1254 1582 1291 1647 ad

156 1682 316 1747 dexteram
335 1681 456 1764 patriae
477 1682 591 1747 residet
613 1682 796 1765 maiestatis,
818 1683 982 1764 totumque
1003 1682 1129 1767 proprio
1151 1684 1290 1769 regitat

155 1783 312 1866 gubernat
334 1785 476 1865 arbitrie,
493 1786 547 1869 qui
564 1787 677 1851 cuncta
698 1785 815 1870 iugiter
838 1786 958 1851 excelsa
979 1785 1144 1869 possidens
1169 1806 1210 1855 ac
1225 1808 1289 1874 pre

155 1888 255 1954 sunda
290 1891 362 1971 post
398 1891 520 1955 caelum
556 1888 715 1956 descendit
747 1890 787 1954 ad
824 1890 991 1963 tartarum,
1027 1889 1101 1971 pest
1133 1892 1290 1958 tartarm

156 1992 308 2057 remeauit
331 1996 371 2059 ad
395 1993 527 2058 caelum.
564 1994 603 2059 cb
626 1992 684 2059 hcc
706 1992 803 2077 igitur
818 1993 920 2058 uoluit
934 1992 1055 2057 hisdem
1070 1996 1317 2075 praesentibusn

156 2096 195 2160 ad
219 2101 305 2161 astra
326 2095 461 2180 migrare
487 2099 652 2179 (quantum
674 2095 842 2181 paruitatis
865 2115 953 2163 meae
975 2096 1125 2181 dignatur
1146 2100 1290 2165 sensibus

155 2198 300 2282 aperire),
328 2218 349 2264 u
386 2201 448 2264 iter
474 2198 518 2265 eis
549 2218 609 2283 qna
635 2201 839 2283 sequerentur
869 2200 1054 2279 ostenderet,
1078 2199 1197 2284 quibus
1219 2206 1289 2267 anta

155 2300 330 2383 passionem
352 2302 412 2367 sibi
428 2302 621 2368 dicentibus:
645 2303 825 2387 Domine,
849 2303 1047 2369 nescimus
1069 2320 1142 2388 quc
1166 2304 1289 2381 uadis,

156 2405 345 2484 quomodo
367 2423 575 2489 possumus
605 2406 712 2471 uiam
734 2409 870 2472 nesse?
891 2406 1050 2490 respondit
1071 2407 1238 2475 euidenter
1257 2410 1290 2474 et

156 2504 250 2571 dixit:
284 2525 353 2592 ego
383 2527 464 2573 sum
493 2510 558 2574 uia
588 2512 625 2574 et
652 2509 803 2574 ueritas
833 2510 873 2575 et
901 2510 998 2576 uita
1035 2509 1118 2589 uia,
1140 2513 1319 2594 quoniame

155 2626 210 2691 per
232 2628 302 2674 eum
318 2612 421 2676 Patris
437 2614 619 2696 peruenitur
641 2613 681 2677 ad
695 2613 842 2697 gratiam.
880 2612 1049 2692 ueritas,
1071 2616 1144 2696 quia
1161 2616 1288 2682 meden-

154 2713 240 2778 tibus
279 2714 392 2779 tribuit
428 2734 506 2798 quae
542 2716 708 2798 promittit.
760 2716 858 2795 uita,
905 2716 1050 2799 queniam
1092 2719 1192 2783 morti
1227 2737 1288 2784 non

256 2898 325 2954 211.
344 2899 444 2954 biattb.
463 2899 504 2964 28,
525 2902 621 2969 ldscq.
727 2901 760 2954 18
777 2899 837 2954 Ich.
857 2902 897 2967 14,
916 2903 932 2956 5

205 3069 223 3124 2
249 3086 389 3139 prorogare
415 3070 508 3126 H¹Bc
610 3072 628 3126 4
653 3086 698 3125 eas
721 3072 762 3137 R,
792 3087 837 3125 ecs
854 3072 935 3127 HBc
1037 3072 1215 3130 dobseruara
1232 3075 1288 3141 Ba,

153 3189 308 3228 conseruare
334 3175 433 3229 Ladw.
543 3174 633 3228 omnia
658 3191 709 3229 om.
735 3174 763 3228 Β
877 3175 892 3228 7
919 3176 943 3231 d
969 3162 1022 3232 cde}
1047 3176 1087 3241 B,
1123 3180 1176 3231 etc.
1203 3194 1220 3233 a

152 3278 171 3331 8
193 3292 230 3330 un
248 3292 422 3332 manasseas
446 3261 498 3331 ufir
520 3278 593 3340 RH,
628 3277 756 3332 Ascendit
773 3276 898 3332 Christus
915 3280 944 3333 iu
963 3278 1064 3332 caelum
1083 3294 1175 3333 coram
1199 3282 1286 3336 emni-

153 3361 204 3415 bus
230 3378 247 3416 1
349 3364 480 3418 diuinitas
506 3381 535 3430 c,
565 3364 689 3418 domiuus
715 3365 871 3433 auspicatus
899 3370 939 3419 cat
963 3364 1033 3420 cair.
1138 3366 1157 3419 9
1184 3366 1286 3421 hisdem

152 3465 221 3531 RB,
252 3466 336 3521 isdem
359 3468 394 3521 Η
495 3467 528 3522 10
549 3467 625 3537 uiris]
649 3469 734 3522 uersis
758 3468 793 3522 H
891 3468 994 3523 uisicna
1016 3468 1045 3522 Β
1147 3468 1229 3555 boras
1252 3473 1286 3539 R,

152 3569 233 3623 horas
259 3570 290 3633 Ι,
324 3586 394 3624 *erae
420 3571 455 3625 H
458 3613 464 3637 ,
500 3587 577 3625 auras
604 3570 702 3625 Ladae.
730 3570 765 3637 cf.
790 3570 903 3627 Lucium.
925 3570 964 3624 ad
981 3571 1066 3625 Lacr.
1085 3571 1145 3627 111
1162 3578 1220 3631 405

154 3674 184 3727 11
213 3673 349 3727 aethereas
376 3676 410 3729 H
414 3674 445 3729 ¹c
562 3676 594 3729 12
623 3674 785 3729 dextramc
898 3660 992 3729 reside*
1018 3675 1053 3729 H
1167 3679 1285 3735 sidereae

152 3759 252 3813 residet
269 3761 420 3813 maiestatis
438 3760 466 3816 Β
562 3762 594 3814 13
613 3760 714 3814 arbitro
726 3760 760 3829 (1)
779 3759 814 3813 H
900 3759 1003 3828 pfuuda
1020 3759 1048 3813 Β
1144 3764 1181 3819 14
1199 3782 1287 3820 asceu-

153 3844 194 3898 dit
220 3844 248 3900 R
366 3853 429 3915 post
455 3846 589 3915 profunda
614 3848 736 3915 spatium
754 3847 787 3915 ¹l,
806 3860 879 3900 acra.
908 3845 943 3901 Η
1067 3847 1101 3902 15
1126 3847 1158 3902 in
1187 3852 1288 3907 caelum

152 3963 201 4019 aa
288 3965 321 4020 ou
340 3983 373 4021 aa
391 3966 425 4021 aa
445 3966 471 4020 1
558 3967 643 4021 rerem
664 3967 708 4035 H,
738 3932 827 4021 niuem
847 3967 875 4021 a
968 3966 1001 4021 1r
1018 3968 1139 4036 appense
1158 3970 1221 4025 urs

152 4068 288 4124 eisdemv
387 4070 423 4125 20
443 4071 489 4124 uia
508 4070 608 4125 ueritas
630 4069 657 4123 Β
760 4070 819 4125 uita
842 4071 894 4139 an
916 4071 944 4126 Β
1046 4072 1081 4126 21
1102 4064 1234 4141 peruenit
1248 4076 1290 4133 Ηι

152 4174 177 4239 (“
197 4172 262 4227 add.
290 4177 374 4242 112)
479 4176 646 4244 ueritatdque
662 4176 690 4230 Β
794 4174 828 4229 22
846 4175 984 4233 tribuetv
1088 4163 1170 4246 queris
1190 4180 1227 4237 Β

151 4274 261 4330 umorti
278 4276 323 4342 Η,
358 4280 386 4331 11
403 4278 519 4335 mertia
1154 4250 1163 4266 ·
