2774 4830
105 331 171 399 2OE
600 331 736 385 sedulii

106 520 227 585 scilicet
248 525 386 607 exiguus,
416 523 533 587 deitate
561 522 747 605 praecelsus,
771 540 825 602 per
847 520 1011 602 hospitalis
1033 521 1148 605 templi
1170 525 1237 587 sin·

106 642 209 689 ceram
238 624 375 691 defluens
404 628 592 704 castitatem,
615 643 677 689 non
699 625 790 690 laesit
816 644 927 706 corpus
948 624 1132 704 abscedens,
1156 628 1238 708 quod

108 745 168 792 non
192 729 326 794 laeserat
351 747 423 794 curn
446 731 594 795 uenisset.
631 749 705 794 uere
728 729 855 794 diuinae
878 728 1093 811 generationis
1115 734 1165 793 est
1180 730 1238 794 hoc

105 836 274 896 secretum:
298 834 390 898 testis
413 832 544 917 uirginis
567 839 676 917 partus
697 834 872 897 ostenditur
886 832 941 914 qui
956 834 1094 897 materni
1109 835 1237 914 pudoris

106 942 208 999 custos
232 937 391 1018 ingressus
414 937 529 1002 clausis
551 936 725 1001 uisceribus
752 944 784 1000 et
802 941 971 1019 conceptus
985 942 1083 1001 estet
1099 946 1235 1002 creatus.
1257 958 1269 997 s

105 1056 184 1122 qnae
207 1058 305 1103 nouae
326 1040 406 1103 lucis
428 1040 485 1105 illa
507 1044 583 1104 tunc
604 1041 730 1104 claritas
746 1041 854 1104 mundi
871 1041 968 1104 totius
982 1058 1053 1104 cras
1069 1040 1236 1122 impleuit!

104 1160 185 1224 quae
206 1145 291 1209 caelo
307 1143 443 1209 laetitia!
466 1145 537 1226 quis
560 1144 614 1208 ille
638 1144 719 1210 nitor
735 1144 864 1225 effulsit,
881 1162 953 1208 cum
970 1141 1114 1208 Christus
1131 1145 1237 1225 splen·

106 1244 179 1309 dore
194 1246 323 1325 sidereo,
339 1248 633 1331 uelutsponsus
656 1250 867 1330 procedens
891 1246 934 1311 de
957 1246 1136 1312 thalamo
1159 1267 1237 1328 suo,

106 1348 227 1413 Mariae
255 1352 408 1431 processit
429 1371 466 1416 ex
489 1356 591 1417 utero!
625 1351 714 1416 cuius
736 1350 782 1414 ita
803 1350 921 1431 species
943 1350 1050 1415 diuina
1072 1353 1238 1417 uidebatur

105 1454 209 1533 gratia
231 1454 415 1533 praenitere,
437 1461 475 1518 ut
490 1455 656 1520 Dauiticus
678 1454 781 1535 ipsum
806 1452 947 1534 psalmus
969 1453 1016 1517 ita
1031 1454 1269 1536 pronuntietur

104 1554 311 1637 speciosus
340 1556 463 1621 forma
491 1576 584 1640 prae
619 1556 725 1621 filiis
759 1555 954 1619 hominum
991 1555 1148 1621 diflusa
1176 1566 1236 1621 est

104 1657 240 1741 gratia
261 1659 300 1723 in
323 1658 448 1724 labiis
471 1660 571 1737 tuis,
601 1668 633 1725 et
655 1666 764 1724 cetera.
789 1662 864 1724 bene
886 1664 993 1724 antem
1015 1678 1108 1741 prae
1132 1660 1237 1725 filiis

103 1762 304 1826 hominum
327 1762 551 1845 speciosum
581 1763 683 1828 forma
705 1761 859 1835 defininit‚
882 1764 955 1844 quia
976 1760 1054 1826 licet
1077 1763 1235 1828 humanae

105 1865 278 1948 susceperit
305 1866 529 1932 incarnationis
558 1865 693 1949 effigiem
723 1866 887 1949 liliumque
914 1866 1051 1930 hominis
1081 1867 1114 1929 in
1138 1886 1233 1931 euan-

103 1970 208 2053 gelica
239 1970 469 2053 praedicatione
502 1989 593 2053 saepe
625 1990 658 2035 se
692 1969 814 2047 dixerit,
849 1970 1012 2051 peccatum
1042 1986 1097 2033 nos
1129 1975 1267 2034 tamenn

104 2074 257 2157 originale
279 2073 468 2152 foedauerat,
491 2074 574 2157 qnod
595 2075 662 2157 ipse
683 2091 745 2137 non
768 2070 879 2138 habuit
900 2074 953 2155 qni
976 2092 1050 2137 snae
1072 2090 1128 2137 nos
1152 2072 1236 2138 nnti-

105 2176 215 2241 uitatis
250 2176 388 2259 puritate
421 2177 595 2242 mundanit.
635 2195 652 2240 o
685 2175 785 2259 pietas
820 2176 956 2240 clemens
989 2183 1022 2240 et
1056 2174 1158 2241 facilis
1196 2176 1236 2240 ad

104 2279 257 2344 salutem!
279 2299 318 2344 ne
340 2298 397 2345 nos
418 2280 528 2364 iugum
545 2279 710 2343 diuturnae
724 2282 878 2362 premeret
901 2278 1066 2355 seruitutis
1088 2298 1145 2361 pro
1161 2298 1235 2345 con·

105 2382 223 2447 dicione
246 2383 376 2463 peccati,
407 2383 559 2448 Dominus
593 2381 675 2447 serui
708 2381 849 2446 membra
883 2383 1030 2462 suscepit.
1069 2382 1235 2448 audiamus

104 2503 213 2549 uocem
235 2485 326 2549 Pauli
356 2485 489 2551 dicentis
511 2486 671 2567 Apostoli:
701 2496 824 2549 semet
850 2487 980 2566 ipsum
1008 2484 1268 2552 exinaniuita

104 2593 142 2652 et
164 2591 328 2653 formam
350 2590 457 2654 serui
479 2591 677 2671 suscepit,
702 2595 734 2654 et
750 2596 862 2667 cetera,
878 2589 992 2671 quique
1008 2594 1122 2654 cuncta
1137 2591 1235 2655 uestit

104 2690 143 2756 ab
177 2692 298 2777 origine
332 2692 440 2759 mundi
473 2695 631 2759 nascentia
662 2696 772 2777 pannis
806 2692 927 2758 inuolui
960 2712 1016 2757 sua
1045 2711 1156 2774 passus
1185 2704 1234 2759 est

206 2897 275 2953 Sci.
288 2898 388 2951 Psalm.
407 2898 448 2962 18,
467 2899 484 2951 6
565 2898 595 2950 11
616 2896 716 2951 Psalm.
733 2898 777 2962 44,
795 2898 812 2950 3
891 2896 927 2950 ‘20
944 2896 976 2951 cl'.
991 2896 1110 2966 Philipp.
1129 2898 1156 2963 ⁶2,
1176 2898 1192 2950 ῖ

157 3086 297 3154 lexiguis
315 3085 350 3139 H
449 3084 648 3153 hospitalitatis
666 3084 702 3147 P,
739 3084 884 3153 hospitales
903 3084 936 3138 H
1035 3087 1166 3154 ‘cquid

104 3208 121 3259 3
145 3178 288 3290 lascesseret
310 3206 338 3259 P
354 3220 423 3259 corr.
441 3209 514 3260 Μ
617 3221 676 3259 curn
700 3221 751 3259 om.
775 3204 810 3258 H
908 3205 926 3258 4
949 3206 1155 3275 sacramentum]
1178 3207 1232 3262 alit

104 3330 234 3380 secretum
253 3327 284 3379 ira
300 3342 386 3395 marg.
404 3324 432 3379 R
523 3327 539 3379 5
557 3326 693 3393 conceptis
709 3327 752 3391 (re.
765 3329 788 3389 1,
809 3342 854 3377 -us
873 3324 1004 3389 ra.a)11
1097 3331 1111 3378 e
1129 3336 1234 3382 creatus

103 3412 138 3467 H
150 3412 187 3477 cf.
206 3412 386 3468 Puscleusium
403 3412 573 3467 ltudtcrtsem
590 3410 625 3465 cle
640 3416 727 3479 portu
750 3410 1031 3481 Virp.p.1385M.,
1066 3428 1114 3466 noc
1131 3422 1234 3469 creatus

104 3536 144 3602 P;
185 3542 325 3602 conceptus
352 3538 380 3586 ct
406 3537 510 3586 creatus
536 3537 578 3585 est
603 3549 620 3587 v
756 3534 772 3585 6
801 3504 889 3616 hortis
919 3531 947 3584 P
1053 3530 1058 3537 '
1083 3532 1099 3583 'l
1127 3534 1234 3588 laeticia

104 3656 139 3709 H
238 3653 371 3706 &siderio
388 3652 423 3706 H
523 3652 601 3706 uelud
620 3652 682 3707 PH
781 3618 873 3705 thalinu
890 3652 919 3707 R
1025 3652 1057 3705 10
1074 3654 1167 3721 gratia
1186 3673 1234 3709 cru.

105 3758 120 3795 p
228 3750 312 3808 pillinc
341 3737 386 3802 H,
422 3737 584 3805 praeminere
609 3753 670 3792 cuce
695 3738 786 3808 glossa
813 3739 844 3793 ier
871 3740 995 3808 margine
1021 3739 1056 3792 al.
1084 3741 1234 3807 praenitere

103 3863 120 3900 a
222 3844 277 3911 ipse
300 3832 413 3894 ¹³salinus
439 3843 468 3909 (p
491 3858 510 3895 a
526 3859 559 3895 m.
578 3846 607 3907 2)
634 3842 665 3895 H
767 3843 926 3910 pronuntiat
951 3842 986 3896 H
1088 3845 1120 3898 la
1146 3850 1234 3899 autem

104 3948 154 3986 om.
172 3947 189 3984 c
292 3930 326 3981 13
343 3928 428 3980 lorms
446 3944 496 3981 orn.
515 3943 532 3980 e
550 3929 594 3992 (cf.
607 3944 632 3980 o.
647 3931 690 3982 511
796 3927 828 3980 14
846 3927 981 3996 liliumqui
999 3928 1036 4011 P„
1126 3932 1158 3983 15
1177 3946 1235 3999 sepe

104 4077 131 4101 a»
144 4049 242 4104 dixerit
260 4050 293 4104 H
388 4049 420 4102 16
437 4046 576 4100 ledauerat
594 4047 629 4111 P,
659 4047 796 4117 ledauerat
813 4047 841 4103 R
937 4014 1236 4117 17'31'3undanspurii

105 4143 131 4191 et
148 4140 166 4189 d
184 4152 203 4190 a
219 4152 252 4191 na
267 4140 298 4202 2)
317 4133 351 4188 H
446 4134 540 4202 pietas]
560 4150 573 4186 e
591 4134 622 4186 ic
640 4150 694 4188 rus.
711 4136 776 4187 m.2
793 4132 827 4186 Η
923 4136 955 4188 18
972 4138 1119 4202 praemerct
1135 4135 1172 4189 H

105 4263 138 4317 ar
158 4222 243 4313 uer‘uc
261 4257 298 4312 re
401 4255 435 4309 aa
454 4255 565 4324 inueni]
585 4255 605 4322 r,
624 4271 642 4309 a
659 4272 693 4308 m.
710 4259 730 4309 s
746 4256 780 4310 rr
