2774 4830
538 345 689 417 Remigii
710 346 891 417 expositio.
1215 346 1278 413 357

143 541 290 600 Similiter
313 539 386 600 iusti
414 557 471 601 non
496 540 605 601 habent
627 544 754 619 pondera
776 542 938 601 criminum.
982 540 1384 602 Hostiasummav.1r-c

148 646 196 703 est
221 661 254 702 ·s·
288 642 381 705 Isaac.
427 644 569 704 Tacitis
602 645 630 703 i·
664 647 761 719 tectis,
800 646 868 720 quia
906 644 1129 705 immolationem
1165 644 1276 705 Christi

146 749 277 807 futuram
299 752 425 823 tegebat.
462 748 628 810 Rescrat
650 750 678 809 ·i·
701 751 803 824 aperit.
841 750 962 810 Heres
978 750 1005 808 i·
1023 749 1118 820 iacob,
1142 749 1177 807 ad
1191 765 1277 822 quern

146 852 231 911 uenit
255 853 402 912 hareditas
419 853 512 913 Isaac.
546 853 588 912 De
610 853 697 913 Iacob
725 854 859 928 loquitur,
889 854 1028 926 quomodo
1049 850 1208 926 proeliatus
1230 838 1276 910 est

122 972 215 1017 ecum
238 956 353 1030 angelo.
380 956 469 1017 Iacob
485 958 604 1016 claudus
619 956 684 1031 init,
701 957 769 1030 quia
783 958 902 1030 angslus
917 970 981 1014 enm
997 955 1097 1030 tetigit
1112 954 1144 1014 in
1167 954 1275 1027 narnis,

146 1062 178 1117 et
201 1062 320 1132 propter
341 1060 509 1136 mysterium
532 1064 563 1120 et
584 1061 648 1121 ideo
669 1061 750 1121 Iudai
766 1079 824 1120 non
839 1062 1015 1120 manducant
1029 1074 1142 1119 neruos.
1180 1059 1276 1117 dens

147 1161 365 1222 ·s·1udoomn.
410 1162 609 1223 claudicat
632 1182 664 1223 ·s·
691 1164 722 1223 in
756 1163 907 1224 credundo.
953 1162 1116 1223 Venitne
1147 1162 1173 1219 ·i·
1203 1177 1277 1221 uen-

145 1265 237 1324 ditns.
277 1263 464 1325 Vennudatus
486 1282 504 1325 a
526 1284 624 1339 ueueo,
655 1268 690 1341 is,
720 1269 806 1341 qnasi
826 1283 932 1327 uenum
955 1283 998 1337 eo,
1021 1268 1068 1326 sed
1093 1280 1196 1325 usuum
1219 1280 1274 1327 neu

146 1369 197 1426 est
218 1369 249 1425 in
263 1384 327 1429 usu.
365 1369 531 1429 Fratrem
549 1389 581 1430 ·s·
597 1387 721 1432 suornm.
744 1371 787 1429 De
803 1370 909 1444 Ioseph
924 1369 1060 1444 loquitur.
1095 1366 1277 1427 Venditns

105 1488 220 1536 ros-a
248 1472 329 1533 Iuda.
381 1472 565 1548 Reppulit
592 1490 622 1532 ·s·
650 1491 667 1532 a
698 1474 789 1533 nobie.
834 1465 1017 1532 Omnia-i·
1047 1474 1137 1531 totarn
1171 1472 1278 1530 terram

145 1574 284 1649 Aegypti.
318 1574 361 1635 De
390 1575 539 1636 Pharaone
569 1575 704 1651 loquitur.
749 1578 834 1636 Dum
863 1578 1065 1635 cessante·
1088 1574 1277 1634 insimiliter

144 1694 262 1751 semper
283 1678 372 1752 peris.
409 1678 596 1752 Sanguine
618 1696 650 1739 s·
672 1695 734 1739 suo.
764 1678 805 1739 De
827 1696 903 1752 agno
925 1678 1061 1752 loquitur,
1077 1693 1161 1751 quem
1175 1677 1276 1736 immo·

145 1782 283 1840 leuetunt
303 1778 358 1838 lilii
373 1780 465 1840 Israel
488 1781 517 1839 in
540 1782 659 1857 pascha,
683 1781 719 1841 de
735 1782 816 1841 cuius
832 1781 979 1855 sanguine
1002 1781 1131 1840 iecerunt
1146 1781 1232 1853 sigua
1246 1780 1276 1839 in

145 1883 241 1955 ostiis,
274 1884 341 1957 quia
374 1884 495 1957 angelus
529 1883 580 1943 illa
614 1887 698 1945 nocte
729 1885 892 1945 transiebat
918 1901 970 1958 per
998 1886 1089 1943 totam
1111 1883 1275 1956 Aegyptum

104 1985 325 2055 ,siliterficiens
348 1988 451 2045 omnia
472 1986 666 2060 primogonita
679 1986 817 2062 Aegypti,
833 1988 864 2046 et
878 1986 928 2046 nbi
943 1986 1062 2061 sangnis
1077 1988 1149 2057 erat,
1164 1984 1275 2044 nullum

145 2089 255 2150 malum
287 2089 423 2150 iaciebat.
470 2089 604 2149 Obruit
632 2091 658 2148 ·i·
692 2090 836 2164 dimergit.
882 2090 987 2149 Vnda
1019 2107 1049 2148 s·
1080 2087 1273 2163 baptismatis.

144 2193 300 2255 Refecto
322 2194 348 2253 ·i·
372 2195 512 2253 saturata.
546 2193 588 2252 De
611 2192 680 2253 liliis
709 2192 801 2253 iarael
824 2193 961 2267 loquitur,
985 2191 1101 2267 quando
1123 2189 1197 2265 pluit
1213 2189 1274 2249 illis

145 2299 218 2357 dens
240 2313 354 2357 manua.
399 2297 472 2356 Ado
479 2298 561 2371 piat
583 2297 609 2354 ·i·
633 2296 728 2370 eligit.
753 2296 794 2356 De
812 2296 881 2355 liliis
896 2295 991 2356 Israel
1007 2294 1143 2372 loquitur,
1159 2292 1274 2366 quando

144 2401 341 2459 adorauerunt
369 2397 454 2460 idola.
500 2398 579 2458 Sibi
607 2417 638 2457 ·s·
662 2416 681 2457 a
707 2415 748 2459 se.
794 2399 977 2459 Indicium
1004 2398 1031 2455 ·i·
1054 2398 1177 2472 signum,
1206 2397 1276 2469 qnia

106 2502 275 2569 „homines
298 2504 366 2562 ante
390 2501 482 2576 legam
505 2502 672 2562 nesciebant
693 2501 801 2562 habere
822 2503 980 2576 peccatum,
996 2519 1053 2562 uon
1069 2498 1275 2575 concupiscen-

144 2606 229 2676 tiam,
251 2621 303 2665 nec
324 2605 417 2678 ipsam
439 2604 604 2664 sentiebant
619 2620 682 2664 osse
705 2607 865 2678 peccatum,
889 2604 980 2665 donec
995 2604 1154 2674 insinuant,
1177 2607 1211 2662 ut
1228 2604 1275 2663 lex

145 2709 245 2768 diceus
268 2703 332 2767 ‘nec
354 2709 540 2782 concupisces
561 2724 622 2767 rem
645 2703 852 2781 proximitui.
895 2701 950 2767 En
973 2706 1076 2781 lapis
1099 2706 1126 2764 ·i·
1148 2724 1214 2767 ecce
1237 2710 1273 2768 de

144 2812 240 2884 lapide
263 2810 344 2883 dicit,
366 2813 443 2871 unde
464 2811 605 2870 duxerunt
628 2827 728 2884 aquae.
763 2811 825 2870 Iste
851 2810 927 2884 lapis
949 2811 1093 2884 significat
1115 2808 1271 2887 Christum,

144 2917 222 2975 sieut
243 2915 286 2974 ait
307 2915 455 2987 apostolus
482 2900 577 2987 ‘petra
598 2916 694 2972 autern
716 2916 778 2973 erat
808 2908 958 2973 cbristns’.
1003 2915 1132 2973 liunus
1148 2914 1174 2972 ·i·
1189 2914 1272 2975 holo·

105 3020 256 3083 „causta
291 3017 497 3077 Seditioaa:
526 3016 641 3075 Dathan
665 3020 693 3073 et
714 3015 831 3075 Abiron.
867 3015 909 3073 De
931 3014 1000 3074 ullis
1022 3017 1112 3075 lsrael
1135 3016 1271 3092 loquitur,

144 3121 260 3194 quando
282 3121 470 3194 insurgentes
494 3122 594 3179 contra
612 3122 730 3194 Moysen
753 3119 907 3179 uoluerunt
923 3136 987 3178 oum
1002 3120 1140 3194 lapidare,
1156 3125 1186 3180 et
1200 3125 1272 3183 tunc

142 3224 295 3284 descendit
316 3222 395 3298 ignis
417 3223 453 3282 de
477 3223 554 3282 caelo
577 3239 663 3296 super
689 3222 885 3282 holocaustum
907 3224 938 3281 st
960 3225 1139 3299 consumpsit
1155 3225 1228 3284 illud
1244 3229 1273 3286 et

142 3327 296 3385 maximam
317 3329 430 3400 partem
454 3329 609 3387 castrorum
633 3327 662 3385 in
686 3329 810 3395 tantum,
833 3328 876 3397 ut,
899 3325 924 3385 si
947 3327 1044 3387 Aaron
1073 3332 1175 3390 teneus
1197 3331 1271 3389 turi·

142 3430 244 3489 bulum
266 3447 330 3490 cum
352 3430 468 3491 incenso
489 3448 547 3490 non
567 3431 649 3490 stetit
673 3431 747 3491 inter
768 3434 895 3491 mortuos
910 3433 941 3490 et
954 3433 1048 3505 uiuos,
1065 3449 1158 3506 paens
1172 3448 1270 3493 omnes

102 3535 332 3603 „morerentur
365 3534 483 3593 Heres
506 3535 532 3591 ·i·
556 3536 686 3609 populus,
710 3536 760 3609 qui
782 3551 917 3608 egressus
939 3538 985 3594 est
1000 3538 1035 3596 de
1050 3537 1181 3611 Aegypto
1195 3540 1225 3595 et
1240 3537 1269 3595 in

140 3638 257 3696 deserto
279 3636 335 3696 init
352 3639 482 3697 mortuus
497 3642 613 3712 excepto
628 3640 713 3698 Iosue
729 3641 759 3698 et
775 3639 871 3700 caleb.
895 3638 933 3696 lli
948 3640 1032 3699 Iosue
1047 3638 1148 3698 diuisit
1163 3642 1269 3699 terram

140 3739 246 3814 populo
268 3757 337 3813 suo;
361 3740 403 3799 ita
418 3740 551 3801 christus
573 3742 700 3816 disponit
721 3743 807 3803 beata
830 3759 919 3815 regna
941 3743 1034 3816 patris
1050 3742 1111 3802 suis
1126 3742 1269 3806 fidelibus.

139 3841 264 3901 liures
287 3841 321 3901 de
343 3842 455 3903 Iericho
478 3844 557 3924 dicit,
585 3844 700 3917 quando
723 3843 775 3904 filii
798 3844 890 3905 Israel
913 3845 1070 3905 ueniebant
1085 3846 1120 3904 de
1136 3848 1268 3920 Aegypto

244 4024 278 4078 22
296 4024 329 4079 ci.
347 4024 488 4090 isinodio,
508 4026 539 4080 li
642 4025 676 4079 24
694 4026 706 4080 l
726 4025 786 4082 Cor.
806 4028 846 4089 10,
864 4027 883 4081 4

192 4196 227 4251 13
244 4211 322 4264 pasca
338 4197 365 4251 A
467 4195 502 4250 20
519 4195 653 4250 nesciebat
669 4196 696 4250 A
798 4196 834 4251 Ab
850 4195 950 4265 abyron
969 4198 997 4251 A
1099 4196 1134 4251 29
1152 4198 1271 4253 incensio

135 4288 166 4341 A
269 4282 303 4336 31
320 4281 402 4352 Calep
418 4283 446 4337 A
