2774 4830
146 314 272 368 xxxnh

145 493 334 557 tissimorum
379 507 475 572 noque
511 489 671 566 Areualns,
716 489 768 573 qui
813 489 968 555 codicibus
1006 489 1151 555 Romame
1195 509 1273 555 usus

148 599 221 679 erat,
256 612 354 675 neque
375 592 593 671 Iooshornius,
627 592 677 657 oui
700 593 899 658 Monacenses
932 593 990 658 soli
1018 594 1141 675 praesto
1170 596 1269 674 arant,

145 699 178 763 in
192 698 348 781 grauiores
363 712 479 760 errores
494 696 537 761 sit
551 695 706 771 Inductus,
731 714 918 779 quamquam
936 700 1047 761 neuter
1062 701 1270 779 perspexerat,

146 818 208 882 qua
229 802 348 867 ratione
363 800 452 864 crisis
469 799 636 864 sedulium
651 799 847 881 suscipienda
861 802 950 863 esset.
981 799 1066 864 Falsi
1082 801 1157 864 sunt
1178 818 1271 882 prae·

147 904 239 987 cipue
266 902 450 968 lectionibus
478 901 544 967 illis
565 901 720 984 speciosis,
750 920 827 985 quae
850 919 868 967 a
890 900 968 967 uiris
990 902 1088 967 doctis
1111 900 1270 985 profectae

147 1009 210 1072 iam
232 1025 258 1071 s.
275 1005 330 1084 IX,
350 1009 386 1069 ut
403 1023 494 1087 supra
509 1005 756 1069 demonstratum
781 1009 837 1085 est,
861 1004 894 1069 in
917 1025 1039 1070 carmen
1061 1005 1270 1088 inrepserunt,

145 1126 222 1193 quae
234 1109 359 1192 quidem
371 1112 407 1173 nt
419 1127 473 1173 suo
488 1106 648 1190 splendore
663 1125 788 1172 carneam
803 1107 1026 1172 emendationis
1041 1109 1119 1173 satis
1133 1107 1272 1190 produnt

146 1213 192 1277 ita
213 1212 494 1277 uetustissimorum
518 1211 667 1278 librorum
683 1211 897 1295 integritatem
912 1211 1086 1295 simplicem
1101 1215 1270 1279 testantur.

145 1315 177 1380 Si
211 1315 332 1380 codices
365 1314 573 1397 antiquissimi
606 1334 685 1381 saec.
714 1315 776 1379 Vll
805 1315 836 1380 et
861 1315 940 1380 VIII
973 1333 991 1378 a
1023 1314 1161 1380 librariis
1194 1313 1272 1380 dili·

143 1416 269 1501 gentius
291 1422 392 1482 essent
409 1418 535 1496 excussi,
559 1417 694 1500 reliquos
708 1418 871 1502 neglegere
884 1419 1071 1500 poteramus.
1102 1418 1147 1483 Ut
1159 1434 1272 1482 ueram

144 1521 307 1586 lectionem
342 1519 601 1604 inuestigaremus
629 1525 661 1586 et
682 1523 903 1606 detegeremus,
937 1521 984 1586 tot
1018 1526 1144 1601 tamque
1166 1519 1273 1585 uarios

143 1623 242 1689 fontes
265 1623 396 1688 adiimus
412 1623 443 1702 ¹).

186 1763 224 1828 In
247 1761 466 1845 orthographia
488 1763 661 1837 carminum
675 1762 893 1827 constituenda
911 1762 1006 1828 libros
1029 1761 1060 1826 in
1083 1761 1269 1827 uniuersum

144 1869 268 1931 secutus
301 1886 382 1944 snm,
416 1871 449 1931 at
481 1886 518 1933 ex
551 1866 659 1931 lormis
686 1866 868 1948 bulgaribus
898 1865 1070 1952 easrecepi
1094 1882 1270 1947 quaecum

144 1987 219 2035 aeuo
241 1969 406 2035 Seduliano
440 1971 607 2035 conuenire
639 1969 833 2035 uidebantur.
871 1968 957 2048 Quae
985 1987 1022 2033 er
1047 1968 1271 2050 posterioribus

145 2072 278 2138 saeculis
300 2073 498 2154 inrepserunt
520 2076 642 2138 tantum
665 2091 725 2138 non
748 2073 852 2139 omnia
875 2072 1004 2151 excussi,
1027 2091 1099 2137 cum
1122 2091 1157 2136 eu
1179 2071 1271 2137 libris

144 2175 369 2239 uetustissimis
395 2175 494 2257 iisque
515 2195 656 2241 sermone
679 2176 802 2260 uulgari
824 2177 950 2257 scripta
973 2174 1105 2240 minima
1127 2191 1270 2257 quaeque

143 2279 176 2342 in
199 2278 282 2344 notis
307 2278 510 2362 adposuerim,
533 2281 570 2344 ut
584 2280 708 2344 tandem
724 2279 889 2360 aliquando
913 2298 987 2344 uera
1008 2279 1111 2360 imago
1134 2277 1271 2359 exprimi

143 2383 245 2463 posset
282 2381 520 2465 orthographiae
556 2401 649 2465 quam
687 2383 794 2447 dicunt
831 2401 884 2466 per
920 2382 1078 2447 saeculum
1110 2381 1138 2444 V
1166 2385 1199 2447 ot
1222 2379 1270 2445 VI

143 2484 287 2550 usitatae.

678 2774 724 2858 H.

186 2980 386 3047 Macedouius
421 2980 590 3066 presbyter,
626 2983 664 3048 ad
698 3000 788 3064 quem
822 2980 983 3048 Sedulium
1016 2999 1139 3047 carmen
1173 2998 1267 3044 suum

145 3083 291 3148 direxisse
313 3083 567 3165 supradiximus,
589 3087 698 3167 poetae
719 3085 936 3168 imperauerat,
959 3087 996 3148 ut
1011 3079 1182 3167 ‘paschalis
1197 3102 1268 3149 car·

144 3187 239 3251 minis
270 3188 388 3252 textum
418 3187 450 3251 in
480 3188 668 3253 rhetoricum
698 3189 882 3254 transferret
903 3183 1087 3253 sermonem'
1105 3188 1140 3266 ⁹).
1179 3185 1267 3270 Opus

144 3287 244 3353 ollioio
265 3306 360 3372 purae
382 3291 554 3356 deuotionis
577 3292 751 3357 coniectum
775 3290 918 3356 Sedulius
941 3291 980 3357 ad
1003 3290 1135 3355 eundem
1158 3291 1265 3355 Mace-

144 3393 270 3458 donium
292 3411 362 3457 oum
378 3393 511 3476 epistula
525 3394 710 3460 dedicatoria
725 3393 822 3472 misit,
845 3395 877 3459 in
894 3412 954 3478 qua
969 3412 1093 3460 oausam
1109 3394 1268 3458 iniunctae

144 3495 318 3577 prouinciae
340 3495 388 3560 his
407 3498 509 3579 tangit
524 3497 640 3562 uerbis:
662 3502 771 3561 utrum
785 3497 868 3578 quod
884 3497 940 3583 (ac.
956 3498 1090 3578 carmen)
1102 3495 1268 3577 placuerit

143 3599 212 3663 idco
232 3599 394 3682 geminari
414 3598 562 3680 columis,
585 3620 630 3664 an
645 3599 728 3681 quod
742 3600 917 3684 offenderit,
939 3605 974 3664 oe
989 3601 1100 3682 potius
1114 3600 1266 3682 arbItror,

143 3701 215 3766 stilo
249 3702 406 3766 censueris
438 3700 579 3767 liberiore
606 3702 753 3769 describi:
786 3701 843 3768 aab
864 3703 958 3769 dubio
979 3703 1091 3769 uideor
1108 3702 1269 3784 fluctum

244 3941 265 4005 ¹)
292 3942 331 4020 De
356 3941 465 4011 reliquis
494 3943 627 3999 codicibus
653 3961 700 4015 per
729 3946 897 4001 Germaniam
927 3945 1067 4002 Franoiem
1097 3945 1266 4000 Brittaniam

143 4026 253 4080 ltaliam
272 4027 429 4097 Hispaniam
447 4028 560 4095 diffusis,
579 4046 644 4099 quos
661 4034 710 4085 aut
729 4033 851 4086 consulto
869 4033 957 4102 spreni
975 4033 1024 4086 aut
1041 4033 1071 4086 in
1088 4034 1169 4086 tanta
1187 4031 1267 4103 copia

142 4112 272 4168 librorum
297 4113 371 4168 adire
393 4130 445 4169 non
468 4115 552 4185 potui,
577 4116 680 4184 dubito,
708 4133 772 4172 num
796 4135 893 4190 magna
918 4119 949 4173 de
967 4119 1000 4173 ils
1022 4118 1128 4189 possint
1153 4121 1270 4189 sperari.

246 4237 267 4302 ¹)
285 4234 317 4290 of.
336 4236 478 4304 epistulam
495 4236 606 4294 alteram
624 4253 650 4308 p.
670 4238 728 4294 171.
