2774 4830
1165 329 1239 379 va

108 498 168 570 tm,
192 494 276 578 quod
298 496 390 562 uetus
413 497 574 579 catologus
597 498 637 580 (s.
660 496 718 580 XI)
744 498 950 565 bibliothecae
974 504 1011 568 do
1028 501 1096 586 Puy
1117 502 1238 585 profert

109 598 159 680 (ci.
184 598 305 665 Delieie
321 599 343 665 l.
359 618 384 665 o.
400 619 430 684 p.
445 601 537 680 443):
557 599 615 668 ‘20
638 600 763 668 Deinde
785 607 989 668 commentum
1011 603 1134 670 Sedulii
1149 604 1236 673 Beote

110 700 244 768 wenis
265 700 340 768 ΗΓ.
378 704 424 770 Ar
450 704 561 770 heereo
584 709 689 771 utrum
714 707 754 771 ed
776 707 953 790 Remigium
977 707 1171 773 referendum
1193 708 1235 773 eit

108 823 204 871 neone
226 809 308 888 quod
330 807 446 892 legitur
467 810 498 873 in
527 807 666 891 catalogo
691 811 796 873 uetere
820 807 1023 876 bibliothecae
1045 807 1076 875 S.
1100 809 1234 878 Amendi

109 908 158 993 (ci.
181 910 301 976 Deiisle
322 910 343 975 1.
367 928 394 976 o.
416 931 447 996 p.
471 910 566 992 452);
592 911 664 977 ‘120
690 909 817 977 Seduiii
841 911 992 995 paschate
1013 931 1141 978 carmen
1162 931 1233 979 curn

108 1011 217 1095 glossis
238 1028 335 1095 suuper
354 1010 451 1079 ictern'
485 1016 517 1079 et
544 1015 575 1079 in
610 1015 750 1098 oetelogo
783 1013 936 1081 librorum
959 1015 1108 1082 Friderioi
1130 1015 1232 1082 arohi-

109 1117 242 1200 epiecopi
280 1115 538 1201 Selisburgensie:
580 1117 757 1200 yioeorium
792 1135 886 1198 super
922 1117 1089 1183 sedulium
1124 1119 1234 1205 eotooo

112 1219 158 1302 (ci.
194 1218 364 1286 Rndlioher
396 1225 457 1287 cet.
491 1219 579 1286 codd.
614 1237 688 1285 mss.
715 1240 744 1304 p.
773 1221 858 1305 197).
896 1221 1026 1287 Prorsus
1059 1222 1183 1290 diuersa
1214 1244 1233 1291 e

110 1324 330 1391 commentario
352 1323 488 1407 Remigii
510 1324 584 1389 sunt
604 1323 737 1408 glossae,
760 1341 838 1407 quae
860 1328 893 1391 in
914 1328 1016 1391 codiee
1034 1327 1231 1394 Loudunenei

110 1427 167 1493 468
203 1446 230 1493 e.
268 1429 314 1494 ix
350 1431 487 1504 exstent,
530 1444 661 1510 querum
698 1427 855 1511 specimen
891 1447 911 1494 e
946 1429 1083 1495 Meiheio
1120 1431 1231 1497 biblio·

110 1531 214 1598 thecue
251 1531 406 1614 praesecto
444 1549 565 1596 meeum
603 1532 864 1596 communicatum
900 1531 951 1597 hio
986 1551 1139 1616 propono:
1176 1534 1231 1600 En

110 1633 237 1716 epistole
271 1632 396 1701 sedulii
427 1632 556 1717 glossae.
601 1631 770 1712 Seueritos,
803 1635 897 1716 quusi
932 1653 1007 1700 seuu
1042 1637 1164 1702 ueritus
1195 1638 1231 1702 id

111 1744 147 1805 eet
187 1738 324 1804 duritia.
374 1735 642 1821 Praerogatiuum
683 1737 720 1800 id
762 1741 806 1801 est
845 1737 1055 1822 priuilegium
1093 1741 1230 1822 propriu

110 1843 246 1927 dignitas
288 1840 468 1924 bmefinum
511 1841 585 1905 urite
628 1839 782 1905 donnum
824 1839 1007 1904 excellentie
1046 1843 1229 1908 neeritorum

110 1945 172 2011 irus
207 1943 319 2030 gratio
354 1943 453 2009 honor
488 1943 662 2010 auctontas
697 1946 816 2025 optimo
849 1944 992 2012 scientio.
1038 1945 1228 2030 Praerogans

111 2050 185 2114 urim
230 2052 305 2113 unte
347 2046 547 2130 impendens,
587 2051 793 2130 prorogatum
834 2047 1016 2113 antecedens
1058 2049 1225 2130 berreficiis.

110 2153 262 2236 Suffetius
284 2187 326 2200 -
347 2155 541 2216 sueterrtcum
574 2149 704 2215 adinton
736 2170 758 2213 o
786 2149 942 2230 suffulcio.
977 2151 1164 2217 Inmensum
1185 2190 1226 2202 -

111 2256 365 2323 inmensurutum.
409 2255 550 2340 Peiogue
585 2256 814 2337 iuterpretatur
848 2253 984 2320 iutituoto
1019 2256 1121 2321 morie
1156 2257 1226 2322 eine

111 2357 201 2426 litore.
241 2358 318 2424 Tiro
346 2362 434 2424 tener
459 2358 550 2424 mites
577 2357 696 2424 dicitur
722 2359 779 2439 oui
805 2376 886 2422 nouo
913 2363 1047 2440 tempore
1073 2359 1162 2423 oeno
1183 2361 1227 2425 ort

111 2463 254 2527 mititiam
275 2461 326 2527 uei
347 2461 519 2528 secuudum
534 2460 699 2527 Isidorum
721 2462 782 2526 tiro
804 2459 897 2543 fortis
911 2462 1038 2527 dicitur.
1067 2462 1224 2528 Linteu-

111 2565 256 2633 munnio
277 2569 308 2630 et
327 2565 447 2631 dictur
476 2568 570 2648 geron
598 2565 675 2630 titus
700 2569 801 2630 terens
828 2565 879 2629 uei
901 2585 933 2629 eo
956 2565 1039 2648 quod
1067 2565 1226 2650 linquitur

112 2687 208 2735 nonu.
245 2667 685 2735 Decretum-uoluntarium
718 2666 768 2733 uel
801 2666 942 2733 libenter.
981 2667 1170 2753 Naufragio
1183 2707 1225 2719 -

113 2775 235 2838 nonium
256 2773 428 2855 fractiones
449 2770 576 2838 hereses.
598 2808 639 2820 -
661 2769 789 2837 Glossee
810 2789 829 2834 e
851 2770 987 2836 cuimine
1008 2775 1169 2856 separatae
1191 2777 1224 2838 io

114 2877 279 2959 exemplari,
309 2895 344 2941 ex
368 2893 427 2959 quo
451 2877 543 2941 codex
567 2875 638 2940 Vet.
661 2873 769 2941 Ottob.
794 2877 836 2941 35
858 2893 883 2938 s.
906 2875 936 2940 X
961 2875 1011 2958 (of.
1034 2895 1128 2960 supro
1150 2877 1222 2959 XX)

115 2977 200 3060 omit,
223 2981 320 3046 fuisse
338 2979 483 3045 uidentur
499 2981 550 3055 (oi.
568 2978 789 3046 Reifferscheid
804 2981 839 3044 B.
854 2980 890 3044 P.
906 2979 923 3044 I
938 3000 969 3062 p.
985 2979 1077 3058 595):
1102 2979 1224 3062 Incipit

115 3080 201 3160 gioesu
214 3082 255 3148 de
271 3101 372 3164 prosu
387 3081 518 3149 Sedule‘e'.
549 3080 708 3148 Dominus
722 3081 825 3147 dictus
839 3086 883 3146 est
897 3083 978 3164 quod
992 3081 1168 3148 dominetur
1181 3122 1223 3133 -

118 3182 224 3252 Brutus
236 3185 402 3270 munus
410 3190 533 3268 potens.
548 3185 725 3265 abundares,
742 3186 859 3267 relique
873 3185 907 3250 in
919 3184 1084 3252 Ottobiuno
1100 3187 1221 3254 desunt.

120 3284 207 3372 Neque
222 3292 351 3374 glossae,
368 3309 446 3373 quae
460 3291 493 3356 in
508 3290 686 3356 Monacensi
704 3289 809 3355 14420
828 3309 852 3354 e.
868 3290 932 3356 XII
948 3288 969 3354 f.
989 3291 1049 3355 145
1064 3290 1222 3374 leguntur,

120 3406 173 3457 oum
192 3395 328 3478 Remigii
363 3395 584 3460 oommenierio
620 3400 791 3479 congruunt
825 3413 923 3476 neque
951 3412 1028 3476 quoe
1057 3394 1090 3458 in
1120 3394 1222 3460 oodioe

121 3487 294 3564 Bruxellensi
326 3497 411 3565 5665
439 3517 462 3564 e.
485 3497 548 3562 XII
572 3497 593 3562 f.
618 3498 785 3564 len-185
819 3501 939 3564 exstent
973 3495 1011 3561 ad
1044 3496 1222 3582 Remigium

123 3600 251 3673 intinere
286 3601 432 3666 uidentur
460 3602 499 3666 of.
523 3592 685 3666 Buttetr'ne
712 3599 748 3664 cte
777 3597 959 3666 l'ucode'nrie
986 3598 1092 3683 royole
1113 3599 1220 3666 Brun.

123 3695 275 3787 in
303 3723 332 3787 p.
353 3704 433 3770 368:
467 3704 638 3785 Incipiunt
667 3703 773 3787 glosue
804 3704 1062 3784 interpretatione
1095 3702 1222 3768 suurn

122 3799 239 3874 itione.
274 3806 380 3890 nosue
412 3807 447 3872 id
479 3812 523 3872 eet
554 3808 829 3890 interpretationes
860 3825 915 3871 eeu
947 3805 1053 3872 ctouee
1083 3806 1221 3886 scriptu·

123 3914 209 3970 tarum
221 3909 257 3992 Υ),
345 3968 350 3979 ,

125 4061 300 4091 χ-----ι

203 4164 222 4232 ¹)
239 4167 349 4223 eodone
366 4168 475 4224 litterae
486 4170 652 4224 academicae
662 4169 682 4224 i.
696 4186 719 4227 c.
731 4170 764 4224 ‘A
777 4171 851 4224 leiim
863 4171 909 4224 cies
921 4171 1023 4239 glosses
1035 4184 1081 4222 sor
1091 4168 1217 4223 sedulius

126 4253 147 4292 tr
160 4245 188 4301 lit
202 4252 232 4309 ie
248 4256 274 4311 le
292 4259 376 4310 meme
394 4271 446 4311 une
464 4256 535 4326 piece
552 4258 598 4326 qui
616 4256 713 4311 debete
731 4256 800 4311 cinei
819 4260 847 4310 et
864 4257 910 4327 qui
923 4256 987 4310 offro
998 4255 1044 4310 dee
1055 4254 1219 4310 indicatione
