2774 4830
170 322 234 389 332
644 322 825 392 Appendir.

171 517 257 590 oligo.
291 516 336 575 Ab
359 515 412 575 hoo
435 516 495 575 loro
518 515 621 589 incipit
641 519 728 590 poeta
755 518 857 592 exequi
884 520 958 592 quod
982 520 1123 594 promisit.
1163 519 1303 580 Promisit

172 619 249 679 enim
273 636 304 679 se
326 619 500 693 scripturum
523 620 559 677 ab
582 619 673 679 Adam
701 637 791 694 nsque
814 624 849 680 ad
873 622 1053 681 natiuitatem
1077 622 1198 682 christi.

537 872 598 957 IN
632 872 855 957 LIBRVM
887 873 934 956 ΙΙ.

66 1104 87 1133 v.
114 1093 165 1133 -re
216 1066 512 1139 Primogenitum
550 1066 575 1123 ·i·
619 1066 841 1141 protoplastum.
891 1068 993 1126 Prctcs
1037 1082 1137 1141 graece
1181 1066 1305 1140 primus,

175 1172 287 1245 plastas
324 1170 475 1242 formatus,
513 1168 582 1228 inde
619 1169 814 1243 protoplastus
849 1171 876 1228 ·i·
910 1171 1020 1244 primus
1059 1170 1209 1229 formatus.
1253 1168 1339 1229 Des

175 1274 260 1335 sede
294 1275 320 1332 ·i·
354 1275 389 1331 de
422 1271 572 1346 paradyso.
622 1271 790 1346 Paradysus
824 1272 1034 1345 interpretatur
1068 1273 1167 1332 hortus
1204 1272 1305 1331 delici-

174 1395 264 1448 arum,
309 1375 400 1433 Adam
443 1376 576 1434 terrenus
619 1374 702 1433 homo
746 1374 792 1433 uel
838 1378 917 1434 terra
955 1375 1051 1435 rubra.
1096 1375 1306 1435 Illecobris

174 1478 201 1537 ·i·
225 1477 433 1550 uoluptatibus.
472 1476 632 1537 Illecebrae
667 1479 799 1535 ‹licuntur
837 1479 872 1535 ab
905 1478 1050 1537 illiciendo
1072 1477 1099 1535 ·i·
1121 1477 1305 1552 decipiendo.

174 1583 260 1642 Heu.
298 1579 383 1639 Dolet
405 1582 490 1654 poeta
508 1582 543 1639 dc
559 1580 644 1653 culpa
659 1579 798 1640 mulieris.
837 1580 956 1641 Noxia
978 1581 1139 1655 culpabilis.
1172 1581 1306 1640 Interro-

175 1683 319 1758 gationem
343 1682 413 1742 facit
442 1685 476 1743 ad
508 1685 667 1743 mulierem.
698 1684 735 1743 ·0
757 1685 930 1755 coniunx,
958 1684 1077 1745 fuistine
1100 1684 1195 1757 magis
1219 1684 1340 1745 noxiam

176 1804 214 1848 an
244 1786 368 1862 perfidus
398 1787 447 1847 ille
479 1788 586 1849 draco?
609 1789 693 1847 Modo
717 1788 779 1862 ipse
808 1790 865 1848 sibi
892 1789 1065 1862 respondet:
1094 1786 1225 1847 Perfidus
1255 1785 1306 1847 ille

175 1890 263 1950 draco
287 1890 314 1948 ·i·
337 1890 548 1961 fraudulentus,
572 1890 622 1950 sed
645 1892 677 1949 tn
699 1907 810 1965 quoqne
840 1908 896 1950 non
919 1908 1000 1952 cares
1024 1890 1117 1964 culpa,
1141 1890 1211 1963 quia
1233 1907 1307 1949 con·

176 1993 306 2052 sensisti.
343 1993 398 2052 Est
424 1997 520 2052 autom
551 1994 605 2051 luoo
635 1993 697 2052 luco
726 1991 913 2068 syllogismus
947 1994 1070 2066 integer,
1106 1996 1244 2053 constans
1273 2009 1307 2051 ex

176 2095 379 2171 propositione,
411 2097 615 2170 assumptione,
646 2096 840 2158 conclusione.
885 2096 1063 2156 Perfidus
1093 2096 1200 2155 dicitur
1222 2094 1307 2169 quasi

175 2200 299 2273 prodens
329 2199 423 2268 fldem,
453 2200 548 2273 perdit
577 2201 652 2258 onim
683 2199 813 2259 diabolus
842 2199 935 2271 fidem,
967 2199 1080 2272 quando
1111 2198 1201 2257 dixit:
1223 2198 1342 2259 eritisrs

176 2304 251 2363 sicut
280 2301 329 2362 dii.
367 2303 432 2361 Non
461 2302 536 2362 enim
566 2304 640 2376 quod
668 2302 800 2376 promisit
822 2301 956 2375 impleuit,
980 2296 1126 2376 quia'nou
1149 2302 1243 2360 solum
1268 2301 1309 2359 dii

176 2406 246 2465 facti
268 2422 324 2464 non
349 2407 426 2479 sunt,
451 2408 500 2465 sed
525 2406 611 2465 etiarn
635 2404 774 2465 mortales
790 2406 916 2464 fuerunt.
961 2405 1094 2463 Damon
1113 2404 1206 2463 dictus
1221 2403 1308 2477 qnasi

177 2507 290 2568 daimon
314 2508 341 2565 ·i·
365 2507 459 2567 ualde.
498 2508 905 2581 Euamaterinterpretatur.
950 2509 1180 2580 Nougentos.
1214 2507 1309 2565 Adam

177 2610 250 2670 uixit
279 2611 433 2684 nongentis
462 2611 538 2670 XXX
564 2613 661 2687 annis,
690 2611 861 2670 Matusalam
884 2608 1086 2669 DCCCLXXX.
1131 2610 1256 2683 Nepos
1280 2609 1308 2667 ·i·

177 2715 260 2790 primi
284 2714 458 2789 terrigenae.
470 2716 497 2774 ·i-
520 2717 627 2790 posteri
650 2715 740 2775 Adae.
778 2714 918 2773 Fauces
937 2714 1069 2772 dicuntur
1086 2729 1222 2786 agraeco
1240 2712 1346 2786 regem

179 2822 205 2879 ·i·
229 2821 384 2881 comedere.
430 2818 624 2878 Difficilis
648 2818 673 2876 ·i·
698 2820 806 2889 tardus,
835 2818 903 2891 quin
935 2835 990 2876 non
1020 2832 1133 2890 semper
1168 2815 1308 2875 uindicat.

178 2922 337 2983 veniale
367 2924 393 2982 .i.
422 2922 540 2996 dignum
569 2921 664 2982 uenia.
710 2920 787 2980 Duae
815 2924 932 2980 naturas
966 2918 1150 2979 rationabiles
1180 2918 1310 2979 condidit

179 3026 263 3086 deuo:
288 3027 419 3099 angelum
443 3028 473 3086 et
494 3026 647 3097 hominem,
672 3042 791 3098 qnorum
807 3042 882 3084 unns
897 3025 976 3083 nullo
993 3025 1130 3082 suadente
1146 3038 1199 3081 noc
1214 3020 1309 3095 fragi-

178 3128 262 3187 litate
291 3131 416 3203 corporis
445 3128 637 3188 circumdatus
666 3128 808 3201 peccauit,
842 3126 905 3186 ideo
940 3125 1169 3186 inracurabiliter
1202 3124 1310 3200 periit;

180 3232 263 3291 homo
285 3246 363 3305 uero,
394 3232 462 3305 quia
484 3230 601 3304 fragilis
624 3231 687 3288 orat
709 3245 826 3304 corpore
849 3232 879 3288 et
901 3229 1015 3289 diabolo
1038 3228 1180 3288 suadente
1203 3243 1345 3300 pecca-m

182 3334 234 3406 uit,
273 3332 334 3393 ideo
371 3335 483 3394 ueniam
522 3334 635 3393 meruit.
680 3332 823 3393 Tonsos
861 3333 888 3391 ·i·
925 3332 1062 3406 panidos
1095 3333 1124 3390 et
1161 3332 1309 3389 oneratos.

180 3436 229 3499 De
263 3436 389 3497 limine
417 3436 445 3495 ·i.
474 3438 510 3496 de
538 3437 689 3511 principio,
713 3436 748 3495 de
771 3436 912 3509 ingressu.
958 3438 1049 3496 Caro
1080 3434 1236 3505 factum,
1266 3436 1311 3492 ost

182 3543 277 3601 autem
300 3541 478 3616 synecdoche
501 3542 528 3600 ·i·
551 3559 569 3599 a
590 3544 674 3614 parte
695 3542 797 3599 totum.
836 3538 927 3598 Homo
954 3540 1029 3598 enim
1053 3554 1139 3597 carne
1162 3539 1192 3596 et
1215 3536 1314 3594 anima

181 3644 302 3704 constat.
348 3642 482 3704 Clausa
505 3644 531 3702 -i·
555 3643 696 3717 uirginem
724 3642 899 3716 relinquens.
944 3640 1036 3699 Prae
1063 3640 1166 3701 natis
1188 3639 1217 3697 ·i·
1241 3656 1313 3713 prae

180 3745 258 3822 tiliis,
282 3746 336 3807 hoc
366 3746 400 3806 de
422 3746 533 3821 psalmo
560 3746 691 3821 sumpsit,
722 3745 771 3803 ubi
797 3745 920 3818 legitur:
950 3742 1101 3818 Speciosne
1124 3741 1219 3802 forma
1242 3758 1350 3817 prae„

283 3915 318 3969 30
340 3913 440 3969 Psalm.
457 3915 500 3979 44,
518 3914 535 3968 3

234 4072 369 4126 'lterram
381 4071 490 4125 rubram
503 4072 531 4125 A
616 4070 650 4123 13
667 4068 809 4139 sillogism’
824 4069 852 4122 A
937 4068 971 4123 18
988 4032 1099 4122 νειΙῖοΔ
1184 4066 1223 4122 20
1242 4069 1318 4141 lage]

181 4175 217 4240 cf.
228 4176 386 4243 poema
475 4175 509 4229 21
527 4162 660 4228 comedere
677 4174 704 4227 A
798 4172 833 4226 22
851 4144 1020 4227 rationabilis
1038 4174 1065 4239 (c
1081 4187 1099 4224 a
1116 4186 1152 4225 m.
1165 4172 1196 4235 2)
1216 4174 1246 4226 A

181 4260 216 4315 24
233 4259 451 4315 inrecnbabiliter
468 4261 494 4313 A
