2774 4830
201 368 278 416 xlm

203 541 315 605 menda
336 539 493 616 habuisse,
528 556 606 623 quae
629 538 765 604 codicem
789 541 932 622 usupra
958 541 998 621 (p.
1023 540 1115 624 VIII)
1138 540 1332 622 descriptum

203 643 397 720 inuaserant,
424 642 515 708 facile
548 642 702 707 euincitur
732 642 771 707 cf.
796 644 868 721 181,
891 644 911 708 6
933 642 1039 706 enitor
1059 664 1086 723 6,
1115 643 1237 707 6611666
1259 642 1332 720 PR,

202 750 321 810 ametor
343 745 392 828 Η,
424 748 498 829 puio
530 747 561 810 in
592 748 694 812 codice
715 767 738 810 a
771 747 865 813 luisse
893 746 1023 821 eaietar,
1056 747 1137 830 quod
1160 750 1334 811 correctum

203 851 307 913 exstat
340 851 371 913 in
400 870 418 912 o
450 853 501 931 (an
531 849 718 928 aluretoi),
753 848 955 932 depranatum
990 852 1036 914 cst
1069 850 1160 914 aliter
1192 848 1225 912 in
1259 848 1331 925 PR,

202 951 297 1017 aliter
330 953 362 1016 iu
396 951 443 1031 H,
483 956 644 1035 praetcrea
674 953 711 1016 cf.
743 953 898 1018 scribendi
924 952 1127 1035 proprietates
1149 951 1221 1016 has:
1255 951 1330 1029 235,

202 1055 243 1120 17
269 1055 415 1137 proficias
438 1055 623 1138 (prouidus)
648 1055 720 1133 225,
743 1056 765 1118 4
787 1054 961 1120 6161611616
976 1055 1157 1136 (auiditate)
1183 1055 1257 1133 232,
1291 1053 1332 1117 14

198 1158 328 1242 ferbisec
354 1159 511 1241 (16661666)
543 1157 614 1239 266,
638 1159 677 1222 21
701 1155 834 1237 facetiam
859 1157 1000 1238 (faciem)
1029 1157 1101 1232 246,
1124 1157 1167 1222 20
1187 1158 1335 1239 qaosiaos

203 1262 353 1344 (cofinos),
384 1261 525 1324 corariam
548 1260 708 1340 (esuriem)
745 1261 817 1342 200,
847 1261 867 1324 3
895 1259 1091 1334 coassisteas,
1125 1262 1335 1340 brescpoaeo

200 1363 274 1443 238,
302 1364 340 1430 15
374 1363 559 1428 6166616666.
597 1363 681 1444 0666
715 1363 879 1445 pleraeque
908 1381 1015 1427 omncs
1043 1364 1081 1428 ad
1110 1362 1136 1426 P
1161 1363 1332 1443 pertinent,

201 1487 295 1551 quem
324 1468 420 1532 etiam
449 1466 638 1548 antiquitate
661 1465 699 1530 ad
722 1466 889 1548 archetypa
910 1466 1048 1548 proxime
1070 1465 1213 1529 accedere
1235 1483 1333 1547 supra

200 1572 266 1636 iam
300 1571 419 1635 dictum
454 1572 510 1634 est.
549 1571 636 1635 ldem
664 1571 749 1634 solus
781 1589 887 1635 ueram
915 1569 1080 1635 lectionem
1110 1569 1249 1633 semanit
1278 1568 1331 1633 uel

201 1675 355 1739 indicauit
387 1675 491 1738 contra
523 1674 657 1755 reliquos
691 1672 836 1755 inprimis
869 1672 900 1736 in
935 1673 1037 1754 priore
1066 1668 1141 1736 libri
1169 1673 1258 1753 parte
1287 1667 1330 1736 ci.

203 1777 274 1856 171,
305 1777 325 1840 9
353 1776 554 1857 praeentiam
589 1774 627 1840 P¹
662 1777 820 1857 66666166
848 1774 961 1841 ΡἨΗ
992 1776 1040 1858 (61
1068 1777 1084 1840 I
1118 1779 1153 1840 ut
1184 1775 1330 1853 arbitror,

201 1880 283 1963 quod
305 1880 428 1946 Iuratus
450 1881 638 1958 emendauit)
664 1881 733 1957 173,
756 1881 775 1944 8
799 1879 937 1944 oblectem
952 1880 989 1959 P,
1012 1879 1170 1960 obliquam
1185 1879 1222 1954 lt,
1245 1876 1330 1942 oblo-

200 1992 311 2069 coram
337 2013 355 2055 6
390 1993 461 2075 (rae.
488 1992 522 2056 in
552 1990 602 2071 H)
642 1991 713 2068 173,
740 1990 777 2056 19
805 1995 972 2072 atramque
998 1991 1034 2074 P,
1068 1995 1176 2053 atram
1208 1988 1330 2073 RH(l)

202 2133 274 2206 177,
299 2131 338 2196 12
363 2129 506 2194 societate
528 2129 579 2214 1³1,
607 2129 736 2194 scaceras
758 2127 930 2197 crunno
955 2129 1025 2212 mr,
1050 2129 1090 2193 14
1110 2104 1269 2208 ponemus
1291 2126 1328 2203 P,

194 2242 348 2321 pontacus
370 2241 496 2307 RHGo
525 2241 596 2318 178,
624 2243 660 2306 16
683 2241 810 2306 introite
834 2242 869 2322 P,
892 2240 1049 2304 introistis
1070 2240 1108 2316 R,
1132 2237 1274 2302 introitis
1296 2235 1329 2298 H

200 2345 239 2418 aa
260 2345 291 2409 in
307 2362 366 2409 ras.
382 2364 422 2408 m.
438 2345 467 2422 2,
492 2363 562 2408 cum
585 2345 615 2409 H
639 2345 774 2409 codicem
790 2345 888 2410 Iureti
906 2346 1095 2427 conspirasse
1118 2341 1184 2406 ueri
1206 2337 1328 2422 simile)

200 2446 274 2528 204,
301 2448 341 2511 10
362 2446 539 2527 deliqueras
561 2447 586 2511 P
609 2445 804 2529 delinqueres
826 2448 915 2513 RHo
930 2498 937 2513 .
951 2495 980 2513 ..
1002 2445 1147 2511 Codicem
1174 2443 1198 2506 R
1221 2459 1328 2505 emen-

201 2550 310 2612 datum
334 2568 400 2612 esse
423 2566 517 2630 eoque
540 2551 578 2614 ab
595 2549 819 2631 antiquissimis
834 2550 957 2632 longius
973 2550 1087 2614 distare
1102 2545 1208 2627 paucis
1224 2562 1328 2607 erem-

199 2649 261 2731 plis
285 2649 487 2714 confirmabo:
514 2650 587 2728 220,
613 2653 653 2715 10
677 2649 827 2715 babitans
848 2651 952 2729 HBo,
986 2648 1132 2713 babitaret
1153 2648 1188 2725 Ρ,
1212 2644 1330 2709 dabitat

200 2751 408 2834 thaamais
424 2752 633 2834 praecedente)
653 2754 726 2830 208,
746 2756 784 2819 16
803 2753 928 2818 Israbet
937 2752 1055 2835 popolo
1073 2749 1162 2833 (afri)
1177 2749 1215 2827 P,
1234 2747 1327 2811 Isra-

200 2852 250 2917 161
265 2854 311 2932 Η,
333 2853 525 2919 israhelitico
542 2855 581 2936 R)
601 2855 675 2932 237,
692 2857 874 2939 61666611,
897 2856 991 2920 turba
1007 2855 1072 2920 rell.
1092 2853 1163 2929 180,
1182 2851 1326 2917 196161-

199 2956 261 3019 iori
283 2976 360 3019 nam
383 2957 466 3020 cetri
481 2957 628 3038 podiatae
650 2958 686 3035 P,
718 2964 801 3023 recte
829 2959 954 3024 litterae
976 2958 1122 3023 diductae
1145 2958 1220 3020 sunt
1243 2954 1276 3018 in
1299 2953 1326 3017 R

197 3056 323 3121 adnitor
349 3057 385 3121 irc
413 3079 507 3122 antae
535 3060 721 3140 tripudians
742 3063 775 3125 61
796 3060 842 3127 sic
865 3079 962 3145 saepe.
999 3061 1042 3125 Idr
1072 3058 1190 3124 mendis
1213 3055 1328 3123 codicis

197 3165 230 3225 61
253 3178 401 3226 consensu
423 3163 612 3245 reliquorum
635 3163 867 3230 emendationes
887 3164 1010 3230 adacto
1026 3160 1154 3228 librario
1170 3160 1327 3245 proiectae

196 3264 431 3349 pernoscuntur.

243 3409 269 3473 Ε
290 3409 449 3476 codicibus
471 3411 588 3476 ordinis
610 3411 743 3479 alterius
766 3414 902 3496 optimus
925 3417 973 3478 est
993 3412 1034 3496 Η,
1063 3412 1217 3495 pessimus
1239 3412 1266 3490 Ι,
1299 3412 1328 3476 Β

196 3513 337 3579 medium
359 3513 441 3579 inter
463 3517 629 3597 utrumque
651 3516 756 3581 locum
780 3520 877 3594 tenet,
901 3520 1003 3581 tamen
1027 3517 1073 3581 ita
1094 3519 1130 3579 ut
1153 3516 1291 3580 codicem
1310 3514 1326 3579 1

195 3616 240 3682 sit
261 3617 393 3699 propior.

239 3762 265 3826 Β
290 3779 362 3826 cum
385 3761 400 3826 l
429 3762 576 3827 lectiones
606 3762 792 3844 deprauatas
820 3781 999 3829 communes
1031 3763 1126 3829 habet
1151 3764 1329 3845 permultas

194 3862 235 3928 oi.
259 3864 332 3942 213,
356 3863 530 3929 66166611
561 3866 812 3949 2111861616.
848 3867 921 3944 218,
944 3867 1175 3949 2016666661
1206 3865 1326 3943 221,3

193 3969 224 4031 61
238 3967 389 4048 qaoaiam
405 4004 446 4014 -
461 3966 608 4035 caelestia
632 3987 692 4034 om.
717 3971 790 4048 223,
806 3970 827 4035 4
845 3969 991 4052 pericula
1008 3969 1137 4052 praetia
1158 3971 1327 4050 bperpete

194 4067 270 4146 224,
287 4070 306 4135 7
322 4069 398 4135 dam
413 4075 480 4135 tam
502 4073 575 4153 225,
601 4076 621 4140 3
644 4094 782 4156 namque
804 4076 825 4140 5
846 4074 1053 4141 beatitudiuis
1076 4074 1115 4137 17
1139 4071 1214 4137 baec
1229 4090 1328 4153 saper

193 4171 268 4252 234,
292 4173 312 4240 8
339 4174 440 4254 specie
467 4195 586 4258 quoque
618 4177 692 4256 240,
721 4179 762 4244 15
787 4178 941 4259 prodibat
973 4179 1047 4255 241,
1075 4177 1095 4241 8
1123 4174 1326 4264 6166665661

193 4274 306 4354 244,8
328 4277 406 4358 quia
424 4296 483 4343 om.
511 4280 548 4344 17
573 4281 670 4356 quasi
684 4281 740 4362 qai
761 4282 834 4360 245,
857 4282 1034 4364 asperam
1056 4282 1076 4347 6
1097 4285 1126 4345 61
1148 4301 1208 4346 om.
1233 4285 1253 4351 8
1275 4279 1328 4359 nasi
