2774 4830
115 309 177 375 208
614 308 748 363 Sedulii

115 500 289 583 splendoris
320 498 477 564 inradians
499 502 609 583 utpote
632 501 698 584 regi
721 501 910 565 memoratur
932 500 1039 565 inlata
1077 502 1131 566 sed
1155 505 1188 567 et
1210 502 1245 568 in

113 604 171 668 hoc
200 621 271 686 rega
301 601 456 684 duplicem
487 602 626 667 fatemur
648 622 715 668 esse
738 602 966 669 substantiam:
991 603 1135 669 Christus
1159 606 1243 670 enim

112 710 144 770 et
178 705 366 787 spiritaliter
396 708 506 789 regnat
535 708 567 770 in
598 706 701 783 caelis,
735 708 767 770 et
795 706 964 772 carnaliter
994 710 1088 773 natus
1117 711 1166 774 cst
1190 728 1244 774 rex

112 810 243 875 ludaeis.
281 810 361 873 turis
395 816 498 875 autem
530 829 655 887 munus,
691 811 764 894 quia
799 810 945 895 religioso
980 812 1123 877 libamini
1159 812 1242 877 illud

112 912 189 977 olim
211 912 393 995 proficiebat
416 912 589 988 incensum,
613 912 736 979 Christo
759 913 853 978 datur
871 916 908 977 ut
924 915 1003 988 Deo:
1027 933 1134 997 myrra
1155 933 1274 992 ueras

111 1017 186 1101 quia
214 1017 408 1082 tumulandis
438 1022 485 1081 est
507 1018 581 1100 apta
603 1017 792 1101 corporibus,
816 1018 987 1082 humanam
1011 1018 1162 1083 morituro
1185 1038 1242 1101 par

111 1138 234 1186 carnem
265 1120 493 1203 sepulchralem
515 1121 651 1185 traditur
675 1122 712 1184 ad
728 1121 885 1185 honoram.
917 1121 984 1202 ipsa
1000 1140 1122 1204 quoque
1137 1122 1240 1187 trinae

111 1225 297 1306 quantitatis
328 1225 444 1289 oblatio
467 1225 587 1289 cultum
610 1224 756 1290 catholici
779 1225 935 1307 dogmatis
958 1226 1184 1308 pronuntiabat
1206 1245 1241 1289 ar

111 1346 249 1399 numero,
282 1329 396 1410 quippo
428 1328 513 1392 Deus
544 1328 752 1410 omnipotens,
783 1329 836 1410 qui
867 1329 1041 1410 praeseutia
1071 1326 1242 1410 praeterita

112 1431 263 1513 conspicit
278 1450 315 1496 ac
330 1431 437 1495 futura
451 1449 634 1513 semperque
649 1433 757 1496 manet
783 1432 898 1495 mansit
913 1430 1030 1514 iugiter
1042 1450 1080 1496 ac
1090 1432 1240 1501 manebit
1250 1459 1274 1498 ro

110 1533 244 1616 triplicis
277 1535 310 1598 in
333 1553 389 1599 sua
422 1534 539 1599 deitate
573 1535 703 1599 uirtutis
735 1536 767 1598 in
801 1553 907 1599 eorum
941 1540 1119 1617 temporum
1147 1554 1241 1601 cursu

111 1657 215 1703 rerum
249 1638 389 1703 omnium
423 1639 529 1720 posuit
562 1639 809 1717 fundamentum,
844 1657 1031 1720 quamquam
1062 1642 1241 1720 praesentia

110 1743 168 1807 sub
190 1742 255 1806 eius
272 1740 370 1805 oculis
393 1760 517 1823 semper
538 1741 686 1805 uniuersa
709 1740 890 1813 consistant,
915 1742 968 1823 qui
991 1760 1047 1805 nec
1071 1743 1240 1807 uetustatis

110 1847 229 1911 senium
258 1862 313 1910 nec
343 1844 516 1909 iuuentutis
539 1845 676 1927 suscepit
698 1845 937 1916 incrementum,
961 1848 1014 1910 sed
1037 1846 1090 1927 qui
1118 1863 1241 1927 semper

110 1950 192 2033 quod
221 1954 267 2013 est
292 1949 375 2013 idem
404 1967 471 2013 esse
500 1965 560 2011 non
585 1946 708 2013 desinit.
747 1966 820 2012 nam
843 1950 1007 2030 potestatis
1030 1967 1104 2012 suae
1128 1966 1274 2013 nomena

109 2054 263 2119 excelsum
306 2052 406 2135 Moysi
447 2050 582 2116 sollicite
621 2051 829 2133 perquirenti,
873 2056 909 2116 ut
955 2051 1074 2116 Israhel
1124 2051 1240 2135 populo

110 2160 278 2232 nuntiaret,
302 2155 340 2219 de
363 2154 496 2218 flamma
518 2154 589 2218 rubi
612 2173 673 2219 non
696 2156 832 2218 ardentis
850 2154 907 2218 hoc
929 2154 1040 2219 edidit:
1064 2173 1134 2237 ego
1157 2172 1240 2219 sum

110 2260 176 2342 qui
199 2278 296 2341 sum,
320 2259 351 2321 et
369 2258 463 2323 dixit:
487 2259 544 2321 sic
566 2256 675 2322 dices
696 2257 739 2321 ad
762 2256 876 2321 filios
893 2258 1061 2322 Israhel:
1086 2259 1153 2341 qui
1178 2263 1239 2323 est

110 2364 220 2429 misit
253 2381 310 2427 me
342 2361 388 2426 ad
423 2381 498 2425 uos.
537 2361 571 2424 in
606 2361 767 2443 euangelio
802 2361 1003 2426 nihilomiuus
1037 2360 1076 2424 ad
1105 2360 1239 2426 Iudaeos

110 2468 266 2533 Abraham
290 2465 417 2531 sibimet
438 2467 662 2547 praeponentes
685 2464 873 2546 antiquitate
897 2466 942 2528 sic
968 2463 1083 2546 inquit:
1112 2481 1276 2539 ameum

109 2589 217 2636 amen
250 2570 336 2634 dico
371 2568 500 2639 uobis,
531 2571 744 2650 antequam
773 2567 967 2633 Abraham
998 2568 1132 2641 fieret,
1170 2584 1240 2651 ego

108 2694 198 2738 sum.
243 2673 315 2737 uide
350 2671 533 2736 distantiam
564 2672 728 2754 utriusque
761 2672 963 2740 substantiae.
993 2673 1093 2736 Deum
1117 2669 1238 2735 discer-

108 2783 232 2843 nentem
250 2779 281 2840 et
297 2776 465 2842 hominem.
489 2775 525 2839 de
542 2775 739 2841 Abraham
755 2775 849 2840 dixit:
873 2777 1082 2857 antequam
1099 2773 1241 2855 fierat;

211 2981 242 3035 11
262 2979 343 3034 Exod.
362 2979 388 3032 3.
410 2980 443 3031 14
544 2978 579 3032 20
596 2978 655 3033 Ioh.
674 2978 699 3041 8,
718 2979 752 3031 58

160 3170 291 3236 Iutpote
309 3172 334 3234 (o
353 3184 388 3222 ex
405 3171 435 3236 u)
459 3169 487 3224 R
590 3172 618 3220 ct
641 3183 691 3221 om.
713 3183 729 3219 o
830 3167 932 3235 2regi
955 3167 989 3231 P,
1025 3181 1113 3234 regem
1138 3168 1175 3221 Η

106 3287 162 3326 esso
185 3271 302 3326 fatemur
325 3271 360 3325 H
458 3271 686 3340 3spacialitero
788 3255 913 3356 dtumis
938 3269 973 3323 H
1071 3271 1165 3323 autem
1189 3287 1241 3325 ona.

105 3429 122 3465 u
247 3410 310 3478 quia
338 3410 399 3471 Po,
434 3425 486 3479 quo
514 3411 553 3473 R,
589 3424 642 3477 qua
668 3409 702 3463 H
823 3372 926 3475 rehiose
950 3407 977 3461 P
1000 3421 1070 3460 corr.
1094 3411 1171 3461 m.2

106 3495 235 3550 libamine
261 3494 289 3550 a
392 3496 409 3549 5
433 3495 537 3549 Christi
562 3495 655 3548 datum
674 3496 730 3548 Deo
757 3494 792 3547 H
890 3495 907 3547 6
932 3508 999 3561 quae
1025 3509 1042 3546 o
1145 3498 1240 3548 tumu-

104 3581 204 3651 landis]
223 3582 246 3634 is
266 3597 299 3635 ca
316 3597 348 3634 us
366 3581 401 3635 Η
492 3582 507 3634 1
523 3588 587 3650 post
605 3580 797 3649 sepulchralem
815 3595 870 3632 ros.
888 3583 905 3633 3
922 3579 1069 3633 uerborum
1086 3579 1118 3632 in
1137 3580 1174 3633 H

105 3667 246 3738 sepulcrali
266 3668 357 3734 leges
460 3668 595 3735 9quippe
614 3667 696 3735 quio
799 3665 949 3732 praesentia
967 3680 1051 3718 ormo
1158 3666 1191 3719 11
1210 3666 1239 3718 iu

103 3780 144 3805 ω
165 3753 248 3820 (susi
271 3757 351 3812 eras.)
376 3753 411 3807 H
519 3768 611 3805 uuao
719 3751 834 3805 deitates
855 3752 879 3818 (s
903 3754 983 3816 eros.)
1008 3749 1083 3803 uirtu
1106 3750 1132 3816 (r
1157 3755 1239 3817 coar.)

106 3861 133 3915 P
224 3858 257 3911 12
274 3841 452 3941 praesentiam
472 3856 500 3911 R
592 3857 625 3910 13
642 3855 708 3924 quin
726 3858 754 3908 ct
772 3855 799 3909 P
891 3871 923 3908 ne
941 3851 1088 3907 uetustatis
1109 3852 1169 3909 coo.

106 3980 139 4034 14
163 3945 280 4065 susem:
306 3979 334 4033 a
360 3993 429 4031 corr.
448 3978 520 4034 me
624 3977 669 4045 qur
695 3976 807 4044 sospes,
837 3976 900 4044 quia
927 3973 1022 4040 aaa,
1052 3975 1125 4043 quoa
1153 3994 1171 4031 a

106 4083 138 4137 15
155 4100 208 4137 nou
227 4083 255 4136 P
358 4081 390 4136 16
408 4079 498 4134 sollite
516 4080 536 4133 1
541 4121 548 4141 ,
579 4079 695 4133 sollinte
713 4080 749 4133 Η
842 4079 890 4132 il'rl
907 4078 941 4141 P,
971 4077 1074 4133 Israhel
1091 4078 1137 4141 H,
1169 4079 1239 4132 isra-

104 4169 213 4223 helItico
231 4168 272 4231 R,
299 4168 428 4223 Israelis
513 4164 545 4220 17
564 4165 624 4218 rubi
642 4165 762 4219 ardentis
774 4165 839 4219 Por.
855 4164 928 4219 Gall.
940 4166 1022 4218 Areo.
1114 4165 1150 4219 18
1168 4164 1239 4218 ἀίω

103 4254 167 4309 filiis
186 4255 220 4308 H
319 4253 355 4307 ab
372 4251 558 4321 praeponentis
576 4251 610 4305 H
707 4251 742 4305 23
760 4250 792 4304 de
810 4266 896 4305 ooav
