2774 4830
206 303 293 351 XLVI

251 471 362 557 delegi,
386 492 424 538 ne
439 474 554 540 librum
572 471 665 537 nimis
681 470 773 538 rebus
791 471 936 538 futilibus
953 490 1119 552 onerarem,
1144 491 1179 535 ex
1195 470 1334 555 Remigii

205 576 396 660 expositione
426 576 498 641 illas
529 576 626 654 notas,
658 594 735 657 quae
758 575 808 640 uel
831 576 869 640 ad
892 577 987 640 uerba
1008 580 1118 659 poetae
1141 575 1335 658 explananda

208 680 259 745 nel
280 679 318 744 ad
335 681 472 746 codicum
497 680 644 744 lectiones
660 679 886 744 confirmandas
909 678 1095 762 pertineant,
1120 698 1219 762 neque
1240 698 1332 761 prae·

205 783 328 849 termisi
363 784 474 865 quibus
510 784 622 848 littoris
657 782 751 847 medii
785 784 854 848 aeni
888 785 964 848 satis
993 783 1091 848 adhuc
1121 782 1258 848 obscuris
1280 784 1333 848 lux

205 887 374 952 adteratur.
419 888 524 969 Atque
563 875 689 952 edendis
724 887 874 968 excerptis
911 887 995 951 uisus
1032 905 1100 952 sum
1135 887 1209 952 solis
1244 887 1333 952 libris

207 989 458 1072 Mcnaceusihns,
490 1008 617 1072 quornm
648 991 727 1055 alter
752 988 806 1076 (B)
831 991 950 1055 Monac.
974 991 1079 1056 22307
1104 989 1194 1076 (olim
1217 987 1334 1055 Wind-

205 1095 307 1176 berg.)
333 1112 357 1157 s.
381 1092 427 1158 XI
450 1093 470 1156 l.
498 1094 591 1157 143-
604 1094 663 1158 152
694 1094 894 1176 expositionis
924 1095 1133 1177 fragmentum
1163 1113 1262 1177 usque
1293 1095 1334 1158 ad

206 1199 223 1262 1
245 1197 309 1262 226
333 1195 385 1279 (cl.
410 1199 505 1265 catal.
521 1193 606 1264 codd.
623 1197 707 1263 Mon.
731 1199 762 1262 et
783 1216 887 1263 meum
909 1197 1050 1263 libellum
1067 1216 1097 1280 p.
1114 1198 1157 1279 7),
1181 1198 1260 1263 alter
1276 1197 1333 1278 (A)

207 1299 327 1364 Monac.
353 1300 406 1385 (cl.
425 1303 586 1387 Tegerns.)
612 1302 715 1368 19456
738 1320 763 1365 s.
786 1299 817 1365 X
838 1319 914 1383 opus
938 1302 1095 1386 integrum
1118 1301 1256 1366 continet
1279 1300 1332 1383 (cf.

205 1425 249 1470 m.
272 1404 328 1469 lib.
352 1425 382 1490 p.
406 1407 448 1485 6).
487 1405 548 1485 Qui
571 1405 695 1488 quidem
720 1405 800 1471 liber
820 1406 944 1489 praeter
960 1405 1178 1490 expositionem
1194 1402 1332 1487 Remigii

206 1510 237 1573 in
261 1526 337 1591 opus
361 1508 503 1590 paschale
530 1508 563 1590 (l.
585 1509 762 1590 2⁸-158q
787 1509 819 1574 ct
841 1508 872 1572 in
895 1509 1025 1592 hymnos
1051 1508 1085 1590 (f.
1113 1506 1333 1585 rosh-164⁸)

204 1615 345 1679 continet
380 1613 628 1697 explanationem
661 1614 799 1679 eiusdem
832 1614 864 1679 in
891 1614 1005 1680 Bedam
1036 1615 1073 1678 de
1101 1614 1168 1677 arte
1201 1610 1334 1676 metrica

204 1720 239 1782 et
268 1718 306 1782 de
339 1717 506 1782 schematis
536 1723 566 1782 et
601 1717 709 1800 figuris
743 1716 893 1781 ineditam
925 1715 958 1798 (f.
985 1714 1214 1796 mer-174⁸).
1251 1713 1333 1780 Sub·

207 1820 336 1904 scriptio
359 1820 432 1885 libri
455 1820 519 1884 est:
542 1818 611 1902 Epo
628 1819 838 1900 froumundus
852 1819 920 1900 cepi
934 1817 1018 1882 bunc
1034 1817 1173 1882 libellum
1188 1816 1332 1881 scribere.

204 1923 259 1988 sed
275 1924 371 2008 paeri
394 1924 495 1986 nostri
512 1942 589 2005 qnos
611 1923 704 1987 docui
719 1941 783 1986 mec
805 1922 971 1986 innomine
988 1920 1251 2002 perscripserunt.
1277 1918 1333 2001 qui

205 2026 259 2108 hpc
281 2028 436 2092 scrutaris
460 2047 498 2090 rre
519 2026 674 2091 adtendas
702 2027 787 2089 uitia
814 2025 867 2090 sert
889 2025 1063 2089 deuotionis
1084 2022 1280 2088 uoluntatem
1303 2031 1332 2087 et

205 2151 264 2195 cro
281 2150 342 2211 pro
364 2129 453 2192 rachis
477 2130 519 2194 nrt
540 2128 632 2193 dcem
654 2148 756 2193 amere.
795 2128 932 2211 Uterque
962 2128 1050 2209 liber,
1082 2127 1136 2210 qui
1166 2146 1201 2190 ex
1225 2128 1330 2191 eodem

204 2234 371 2316 archetypo
402 2231 501 2310 fluxit,
537 2238 722 2298 correctores
753 2233 892 2315 expertus
927 2237 983 2295 est.
1019 2230 1168 2312 Equidem
1200 2230 1330 2295 ducibus

204 2353 394 2418 quamquam
428 2354 489 2400 non
522 2337 612 2401 certis
640 2335 774 2400 neusin
803 2337 986 2400 recensenda
1016 2333 1204 2417 expositione
1233 2352 1332 2416 panca

205 2440 327 2503 mutani
357 2437 486 2516 ueritus,
518 2456 555 2500 ne
587 2457 622 2502 ex
652 2437 848 2502 emendatore
871 2436 1126 2520 Remigiomastix
1149 2437 1329 2503 existerem:

204 2543 288 2625 quod
311 2545 345 2607 tu
369 2541 446 2606 mihi
469 2541 545 2606 uitio
568 2559 629 2605 non
652 2544 762 2606 uertes.
795 2540 1007 2606 Librariornm
1030 2541 1161 2622 deniqne
1192 2540 1331 2605 incuriae

204 2649 236 2712 et
250 2646 363 2711 Prosae
386 2648 417 2708 et
431 2645 638 2727 Expositionie
657 2644 780 2722 indulsi,
803 2662 873 2709 cum
896 2663 998 2708 rerum
1021 2643 1329 2728 orthographicarum

204 2747 444 2834 discrepantiam
470 2748 600 2813 fortasse
622 2751 741 2831 saepius
763 2747 972 2814 admitterem.

246 3005 406 3072 Postremo
435 3006 541 3082 restat,
570 3005 605 3069 nt
628 3005 744 3088 gratias
768 3022 857 3087 agam
880 3005 1030 3070 maximas
1052 3002 1090 3069 G.
1116 3005 1160 3069 de
1182 3005 1325 3072 Hartel

205 3111 357 3191 magistro
387 3109 589 3175 dilectissimo
619 3112 651 3175 et
678 3108 851 3174 studiorum
880 3127 1019 3174 meorum
1041 3126 1162 3190 semper
1186 3114 1326 3191 patrono,

203 3233 224 3277 a
257 3232 316 3295 quo
350 3214 535 3297 quantopere
570 3213 600 3278 in
635 3213 788 3295 scriptura
820 3211 1035 3278 constituenda
1066 3215 1098 3278 et
1133 3214 1327 3280 emendanda

203 3469 250 3538 qui
269 3486 301 3525 no
318 3474 378 3524 sont
396 3487 443 3538 pas
468 3487 529 3525 sana
552 3470 651 3526 interbt
673 3486 739 3540 pcnr
756 3471 774 3525 l'
791 3471 902 3524 histoire
925 3471 1069 3526 litteraire:
1092 3471 1275 3526 Dilectissimo
1298 3476 1327 3526 et

202 3554 384 3610 eruditissimo
397 3557 453 3610 filio
468 3557 573 3611 Feraclo
586 3556 729 3612 Calmanua
740 3598 747 3611 .
758 3598 764 3611 .
775 3596 799 3609 ..
817 3558 903 3612 multa
914 3557 942 3611 in
955 3558 1059 3612 Sednlii
1074 3557 1197 3611 Paschali
1210 3558 1327 3612 carmine

203 3645 328 3711 corrupta
357 3643 427 3710 quod
457 3658 527 3697 nunc
555 3643 624 3711 apud
655 3659 702 3698 uos
732 3643 834 3712 duplici
864 3645 963 3714 legitur
993 3645 1110 3698 editione
1139 3645 1326 3714 conscriptum.

202 3727 337 3794 Quattuor
350 3729 481 3797 siqnidem
495 3744 561 3798 quoa
574 3731 637 3783 ante
649 3730 770 3784 uersibus
782 3730 901 3784 condidit
913 3729 1027 3797 libellos,
1049 3747 1140 3785 rursus
1157 3732 1264 3785 eoadem
1276 3732 1327 3786 im·

203 3815 312 3881 perante
324 3813 477 3868 Macedonio
491 3815 518 3868 in
530 3813 677 3869 theoricum
690 3831 835 3870 sermonem
848 3817 911 3870 stilo
924 3815 1047 3871 liberiore
1064 3816 1217 3872 transtulit
1244 3816 1326 3872 Caius

202 3898 290 3967 operis
311 3899 424 3966 primam
442 3902 546 3967 partem
564 3900 591 3953 in
610 3899 745 3955 codicibus
762 3905 859 3955 nestris
877 3902 983 3956 habetis
1002 3906 1162 3971 corruptam,
1182 3903 1324 3958 secundam

202 3985 310 4053 penitus
334 3986 475 4053 ignoratis.
505 3985 544 4038 Ex
566 3986 662 4055 quibus
687 4003 770 4055 panca
793 3986 846 4041 tibi
870 3988 1043 4057 cognoscendi
1066 3990 1162 4058 gratie,
1191 3994 1324 4057 qnantum

201 4070 354 4138 epistolaria
372 4072 499 4139 angustia
516 4074 614 4141 potuit,
633 4073 820 4128 transmittere
838 4074 937 4128 curaui.
967 4074 1079 4128 Snivent
1096 4073 1141 4127 dea
1159 4074 1261 4129 de'tails
1281 4092 1326 4130 sur

202 4157 230 4208 la
251 4156 437 4220 versificatur,
461 4156 500 4211 lea
521 4157 619 4227 figurae
643 4161 692 4213 etc.
716 4159 776 4228 puis
794 4175 845 4215 nnc
862 4161 970 4232 analyea
995 4160 1042 4216 dea
1059 4163 1167 4231 quatras
1185 4160 1269 4216 lirras
1290 4161 1325 4217 du

201 4257 308 4299 armen
326 4242 465 4312 paschale‘.
516 4272 521 4281 ι
