2774 4830
209 313 274 381 300
708 307 843 363 securis
924 282 927 301 ²

208 502 366 571 facilitate
389 500 539 580 concedit,
568 501 667 567 sciens
690 500 782 565 huius
804 497 995 583 probationis
1017 498 1201 583 exemplum
1223 515 1288 565 non
1307 496 1342 564 sl

209 608 349 673 Thomas
371 609 503 684 tantum,
528 605 581 688 qui
604 605 708 670 suerat
729 605 793 671 iam
811 604 931 679 beatus,
954 601 1007 668 sed
1029 602 1069 668 ad
1087 601 1187 668 fidem
1202 600 1342 685 deinceps

208 710 365 792 pertinere
390 710 573 775 multorum.

155 834 199 896 34
253 831 330 897 Post
352 848 465 913 paucos
488 829 602 894 iterum
628 830 780 894 Dominus
803 827 869 892 dies
893 827 986 893 Petro
1007 825 1147 910 piscanti
1164 844 1241 890 cum
1255 822 1340 891 sociis

211 935 251 999 ad
273 936 430 998 marinum
454 952 521 997 sese
543 933 619 997 litus
643 933 785 1007 ostendit,
814 933 957 1012 totaeque
980 930 1081 995 noctis
1105 929 1217 995 labore
1240 926 1363 1012 perui-⁸

210 1036 269 1121 gili
296 1037 413 1102 nullam
445 1055 577 1101 cernens
605 1035 700 1099 fessos
727 1033 874 1099 habuisse
896 1038 1069 1116 capturam,
1093 1032 1245 1098 dextrum
1267 1031 1340 1097 retia

207 1140 331 1207 dimitti
363 1140 447 1205 iubet
481 1140 515 1203 in
545 1138 683 1223 pelagus,
719 1136 944 1220 confestimque
978 1137 1081 1202 clauso
1108 1135 1253 1220 gurgitis
1280 1132 1339 1199 salo

208 1244 346 1325 piscosae
369 1242 615 1326 congregationis
644 1242 784 1307 inmensa
814 1244 973 1322 crepantes
1001 1239 1088 1305 sinus
1110 1242 1251 1305 eduxere
1273 1256 1339 1304 cnm

209 1346 336 1428 praeda,
361 1364 452 1428 quam
475 1348 547 1409 ante
571 1346 695 1410 Domini
722 1344 893 1427 gaudentes
915 1343 1068 1427 proiecere
1089 1343 1242 1426 uestigia.
1280 1340 1339 1407 tals

209 1466 307 1528 genus
331 1467 402 1530 ergo
425 1448 568 1513 miraculi
591 1467 653 1513 non
671 1449 794 1532 uulgari
810 1448 891 1513 lacto
914 1446 1034 1532 sentiri,
1056 1449 1109 1512 sed
1125 1445 1240 1530 typica
1255 1445 1364 1514 debota

210 1551 429 1634 intellegentia
465 1550 640 1632 ponderari.
679 1553 759 1617 retia
791 1550 945 1634 siquidem
979 1550 1141 1615 credamus
1175 1550 1339 1631 praecepte

209 1654 268 1719 Dei
300 1652 404 1719 lucida
430 1654 524 1718 nimis
546 1656 638 1737 atquo
661 1654 831 1737 perspicua,
855 1652 968 1735 quibus
991 1670 1097 1718 omnes
1121 1651 1258 1717 dextera
1279 1666 1337 1715 sec

208 1759 312 1823 tantes
336 1775 354 1822 a
376 1756 493 1822 saeculi
518 1757 665 1823 fluctibus
692 1758 817 1827 eruendi
840 1758 1027 1822 clauduntur
1049 1754 1169 1820 Christi
1192 1751 1337 1837 uestigiis

152 1864 196 1927 ³5
208 1859 363 1927 inclinati.
402 1878 475 1926 nam
508 1864 541 1925 et
573 1861 667 1944 piscis
699 1880 793 1942 supra
822 1878 939 1945 prunas
973 1859 1145 1944 adpositus,
1169 1858 1338 1939 eodemque

210 1965 300 2046 panis
332 1966 365 2028 in
398 1965 466 2029 loco
500 1965 597 2030 simul
629 1964 669 2029 ab
705 1967 780 2047 ipsis
816 1966 965 2030 inuentus
998 1961 1154 2029 catholica
1186 1960 1365 2045 religionen

214 2066 353 2133 cernitur
381 2085 441 2132 non
469 2086 580 2133 carere.
618 2087 692 2133 nam
720 2070 814 2152 piscis
843 2087 923 2151 aqua
955 2067 1078 2133 uidetur
1100 2064 1259 2149 intellegc'¹
1282 2080 1339 2146 qus

208 2190 264 2237 nos
297 2172 383 2238 ablui
414 2175 534 2237 certum
567 2174 615 2238 est
643 2190 680 2238 ac
708 2171 840 2249 renasci,
870 2173 957 2253 panis
987 2169 1149 2235 Christum
1179 2166 1337 2253 significat

208 2274 408 2351 saluatorem,
439 2275 525 2340 cuius
553 2275 661 2341 eodem
683 2293 805 2360 corpore
834 2276 990 2341 noscimur
1009 2272 1048 2339 ad
1070 2273 1220 2339 salutem.
1259 2271 1338 2357 ignis

208 2375 343 2459 Spiritus
376 2377 477 2443 sancti
510 2379 592 2460 gerit
620 2379 799 2464 imaginem,
828 2396 887 2462 quo
916 2378 1022 2443 deuoti
1050 2394 1269 2444 consecramur
1299 2374 1337 2442 ad

207 2479 311 2546 fidem.
349 2480 380 2544 in
411 2481 518 2545 eadem
546 2499 680 2563 namque
710 2484 809 2563 specie
844 2480 1073 2546 demonstratus
1106 2478 1240 2562 effulsit,
1269 2496 1366 2545 cums

209 2583 315 2648 beatos
338 2583 504 2666 apostolos,
531 2587 610 2650 sicut
632 2583 713 2650 liber
739 2604 846 2651 eorum
868 2585 1007 2650 Actuum
1028 2584 1232 2668 protestatur,
1256 2582 1338 2648 clara

261 2894 274 2947 l
298 2890 376 2945 facile
402 2890 457 2947 cot.
560 2855 689 2945 ihomas
714 2892 757 2956 H,
788 2891 896 2959 ethome
918 2893 946 2946 Β
1048 2892 1129 2946 luerit
1147 2893 1175 2947 Β
1281 2895 1337 2946 tam

205 2979 301 3032 boatus
326 2994 343 3031 c
444 2977 462 3030 4
487 2991 537 3033 var
562 2980 612 3030 nri
639 2992 729 3033 annno
755 2992 830 3033 nara
856 2992 946 3033 ιιιιι
970 2994 1006 3033 ιι
1029 2994 1184 3034 nexuum
1212 2978 1275 3035 BH
1299 2979 1336 3045 (in

204 3063 303 3129 dent),
343 3063 468 3118 Christus
494 3063 611 3131 piscanti
637 3063 716 3118 Petro
744 3064 773 3118 in
799 3063 918 3119 dextram
945 3065 1029 3119 iacere
1054 3065 1123 3119 retia
1149 3064 1228 3119 iubet
1251 3082 1269 3121 c

207 3187 272 3239 item
295 3184 344 3238 Bc
446 3184 566 3252 piscante
588 3185 623 3238 Η
722 3200 770 3239 con
797 3185 825 3239 Β
926 3187 944 3242 5
966 3186 1097 3240 maritind
1120 3185 1149 3241 Β
1252 3157 1336 3255 tuffo:

207 3274 233 3337 (o
252 3288 270 3324 c
287 3286 323 3324 ιιι,
340 3271 370 3337 2)
388 3268 430 3336 Β,
459 3273 543 3339 totoq3
567 3270 602 3325 Η
698 3271 834 3340 peruigili]
853 3272 950 3341 perpili
969 3270 1020 3338 Ic,
1050 3271 1123 3336 forte
1145 3271 1275 3342 peruigili
1292 3271 1336 3327 sel

206 3355 309 3426 perpati
327 3355 396 3421 Iar„
427 3370 535 3424 perporo
553 3357 624 3411 coci.
644 3356 718 3411 Gall.
813 3357 972 3425 deaptnras
990 3373 1025 3412 ca
1044 3366 1089 3411 -ιιι
1107 3358 1135 3412 Β
1231 3359 1333 3428 ‘lpas-

206 3478 281 3547 lcgos
307 3476 464 3545 (ras.1.l.)
491 3478 519 3532 Β
622 3478 639 3533 8
665 3478 781 3532 inmersa
805 3492 822 3531 v
924 3442 1062 3546 crepantes
1088 3477 1123 3545 (it
1145 3494 1165 3532 ι
1180 3494 1215 3533 ιιι
1235 3481 1264 3546 2)
1291 3477 1331 3541 Β,

204 3599 401 3668 crepitantes
492 3564 631 3666 aprione
649 3599 682 3652 ιι
773 3599 806 3654 ιο
822 3599 905 3668 opos
922 3599 956 3664 Ρ,
986 3602 1084 3669 typyca
1101 3600 1137 3654 ιι
1230 3602 1262 3656 ιι
1280 3615 1332 3657 oe·

205 3683 309 3754 damus]
333 3699 349 3737 a
372 3699 406 3737 ex
427 3683 436 3737 i
460 3683 487 3738 R
590 3684 622 3736 12
640 3684 793 3740 dilucidas
896 3684 989 3739 dextra
1007 3684 1087 3740 HBc
1190 3684 1330 3753 ιοιιιιιιιι]

203 3770 394 3837 foetulenta·
498 3769 530 3824 13
554 3769 579 3838 ι]
598 3785 648 3824 om.
672 3771 707 3825 H
710 3811 716 3833 ‚
747 3774 808 3825 eto
908 3770 1167 3826 fluctibnsld'llllldlrd
1180 3774 1287 3828 ruentis
1303 3772 1333 3827 Β

205 3859 273 3923 (ras.
286 3859 359 3911 7-8
370 3856 435 3923 litt.)
537 3854 639 3911 Christi
656 3856 763 3922 addidi,
777 3863 841 3926 post
858 3857 1018 3913 clauduntur
1035 3873 1090 3912 ras.
1103 3860 1121 3911 3
1133 3857 1187 3913 litt.
1199 3860 1235 3915 ιἰι
1252 3860 1287 3915 Η
1299 3856 1330 3924 cf.

204 3958 231 3998 ι.
248 3946 304 3998 399
407 3942 439 3996 14
465 3942 590 3996 inclinati
617 3943 659 3997 Ηι
686 3959 754 3999 σοιν.
778 3944 810 3998 ic
836 3945 967 3999 inclinata
1068 3959 1119 4000 vm
1145 3958 1276 4002 mom
1299 3961 1331 4001 ιι

205 4042 284 4083 rann
302 4044 380 4083 areca
398 4045 433 4083 nn
452 4044 557 4084 narnus
574 4029 614 4093 Β,
645 4046 696 4084 om.
716 4031 749 4085 H
846 4032 878 4085 15
896 4030 1047 4085 chatholica
1064 4031 1097 4085 Η
1194 4032 1331 4103 religione]

205 4132 311 4185 rationo
333 4134 441 4188 mauult
462 4133 551 4203 Migo.
658 4133 689 4186 19
717 4119 798 4218 quam
824 4133 858 4188 Η
956 4132 990 4187 21
1015 4133 1110 4188 boatus
1137 4134 1173 4189 Η
1276 4152 1334 4206 apo-

203 4233 289 4287 stolos
307 4236 344 4301 (ο,
364 4250 398 4290 ex
414 4237 445 4300 ιι)
462 4235 503 4301 Β,
534 4235 680 4303 ιροιιοιιοι
698 4235 726 4289 Β
