2774 4830
143 322 207 387 204
642 320 774 374 sedulii

144 512 307 594 profiteris,
338 510 427 575 corde
456 510 647 593 persequeris
677 522 873 591 mentemque
904 512 1018 573 tetram
1046 514 1078 573 et
1105 508 1274 573 nebulosae

144 612 289 697 caliginis
326 612 520 676 obscuritate
557 615 739 676 damnatam
777 610 905 675 incundi
949 609 1056 675 uultus
1101 611 1273 677 serenitate

143 717 331 783 dissimulas.
370 715 528 782 Christum
553 734 684 798 namque
708 718 839 780 mandas
862 715 978 797 inquiri
1000 734 1061 781 non
1077 715 1272 780 adorandum

143 822 290 905 religione
319 840 413 902 quem
443 821 544 903 lingis,
575 820 628 883 sed
659 820 833 883 necandum
856 818 1018 883 fraudibus
1041 836 1116 901 quas
1140 817 1270 882 moliris.

143 943 227 989 erras
250 924 344 987 nimis
367 934 400 987 et
423 923 541 987 falleris
563 923 655 987 illum
678 926 804 987 credens
827 922 886 986 tibi
908 921 1079 999 succedere,
1107 921 1161 1003 qui
1184 921 1306 1003 regias

142 1030 262 1111 primus
285 1027 463 1092 dominatur
486 1028 616 1103 insede,
634 1027 687 1108 qui
703 1046 759 1089 neo
774 1025 911 1090 sucendit
927 1025 1051 1108 penitus
1067 1042 1122 1088 nec
1136 1025 1268 1097 decedit,

143 1132 197 1195 sed
226 1134 371 1195 aeternus
401 1130 515 1195 solium
546 1148 618 1194 suae
640 1128 777 1212 possidet
798 1129 979 1209 maiestatis,
1003 1130 1167 1211 legemque
1190 1129 1269 1211 legis

142 1252 180 1298 ao
201 1234 339 1315 neglegis
362 1236 415 1316 qui
438 1236 504 1317 regi
534 1252 642 1317 regum
666 1236 720 1299 tua
743 1252 838 1313 regna
860 1234 1025 1297 minitaris.
1065 1234 1152 1297 caret
1167 1232 1268 1297 uerbis

142 1338 216 1403 haee
246 1338 345 1420 culpe,
384 1340 469 1401 caret
501 1338 696 1402 excusatione
730 1336 876 1418 perfidia:
915 1337 997 1401 hunc
1029 1337 1114 1400 enim
1148 1336 1269 1401 conaris

141 1440 330 1523 extinguere,
361 1461 454 1523 quem
484 1448 515 1505 te
546 1443 732 1522 promiseras
762 1443 898 1506 adorare.
935 1441 1041 1505 minus
1078 1440 1159 1504 forte
1191 1439 1307 1503 deli-ro

141 1562 269 1627 queres,
304 1545 331 1608 si
366 1545 403 1609 de
441 1542 565 1610 Christo
599 1544 678 1609 nihil
713 1563 892 1626 quaereres,
925 1550 1076 1626 quatenus
1114 1543 1270 1609 homicida

141 1652 264 1713 tautum
288 1648 375 1712 uelut
396 1648 540 1732 ignotum
563 1648 720 1713 hominem
743 1650 961 1730 persequendo,
984 1666 1045 1712 non
1061 1649 1158 1712 etiam
1173 1646 1269 1711 sacri-

141 1752 231 1837 legus
249 1771 314 1816 esse
336 1752 401 1816 Deo
424 1750 573 1816 uidereris
597 1750 720 1817 offenso.
760 1768 862 1816 nonne
885 1751 1004 1833 legeras
1027 1769 1098 1815 eum
1122 1749 1271 1815 Dauitico

141 1857 260 1920 cantico
298 1854 343 1920 sio
376 1864 570 1920 monentem:
604 1854 731 1919 nolite
761 1860 922 1937 tangere
956 1854 1128 1919 christos
1165 1870 1269 1917 meos

140 1963 179 2024 et
215 1958 252 2024 in
289 1958 495 2043 prophetis
533 1958 627 2024 meis
664 1959 793 2023 nolite
826 1958 1060 2041 malignari?
1094 1976 1166 2022 cum
1194 1975 1307 2040 ergon

139 2062 264 2127 diuinae
294 2063 504 2145 praeceptioni
530 2081 637 2146 parere
659 2082 784 2127 necesse
806 2065 858 2141 sit,
887 2067 924 2126 ut
946 2080 1045 2143 noque
1068 2060 1180 2125 christi
1202 2060 1271 2125 eius

139 2185 237 2248 neque
281 2166 448 2249 prophetae
481 2166 621 2250 maligna
658 2164 826 2248 quicquam
861 2166 1050 2248 inprobitate
1082 2165 1268 2241 sustineant,

140 2272 213 2352 quia
242 2267 392 2334 uidelicet
421 2269 558 2351 spiritali
584 2274 774 2335 consecratos
796 2276 955 2353 unguento
977 2269 1063 2334 nelas
1084 2267 1203 2353 grande
1225 2268 1270 2331 sit

139 2372 361 2437 contumeliose
391 2372 539 2437 tractari:
573 2372 665 2454 quale
695 2392 807 2438 nomen
837 2373 966 2440 habehit
994 2373 1052 2437 hoe
1081 2374 1208 2449 odmen,
1232 2378 1271 2435 nt

138 2476 242 2559 ipsum
277 2473 446 2539 Dominum
481 2473 653 2553 Christum,
688 2497 706 2540 a
739 2496 799 2557 quo
831 2477 943 2543 christi
976 2478 1051 2541 sunt
1085 2474 1268 2557 nuncupati,
1279 2494 1308 2533 ro

138 2579 241 2661 ipsum
275 2596 384 2641 uerum
421 2578 614 2661 prophetam,
646 2596 664 2642 a
694 2597 753 2661 quo
784 2598 876 2645 uorax
908 2579 1072 2663 prophetia
1094 2576 1268 2655 deseendit,

240 2800 273 2853 14
290 2798 389 2853 Psalm.
410 2800 467 2865 104,
488 2802 519 2854 15

189 3006 201 3058 1
221 2972 333 3074 pitteris
352 3014 376 3074 (e
394 3012 475 3075 eras.)
493 3009 521 3063 n
607 3026 651 3078 pes
668 3009 786 3077 sequeris
803 3010 842 3071 H,
870 3009 1034 3077 prosequeris
1056 3007 1113 3063 001.
1129 3008 1197 3060 Par.

135 3108 266 3162 nebulosa
283 3110 312 3162 P
400 3110 593 3165 adamnatum
611 3115 657 3178 (m.
671 3118 694 3176 1,
713 3130 784 3167 corr.
797 3130 830 3167 or.
843 3116 874 3179 2)
892 3113 924 3166 H
1015 3111 1121 3166 iocundi
1139 3110 1201 3165 RH

136 3200 221 3314 uultis
240 3229 274 3281 H
288 3235 437 3284 corr.m.2
535 3232 709 3300 4religionis
729 3233 756 3285 P
848 3231 1010 3313 nectendum
1030 3233 1057 3285 P
1153 3230 1270 3285 tfallcs

135 3352 171 3405 H
184 3354 209 3418 (e
227 3368 262 3405 eet
281 3352 290 3405 i
309 3355 391 3421 corr.)
491 3317 594 3405 succtte
612 3353 639 3406 P
734 3336 941 3434 ltdominantur
959 3352 1002 3417 H,
1033 3320 1198 3406 dominamR

136 3474 260 3541 paenitus
279 3473 313 3525 H
397 3474 412 3525 ἵ
430 3446 543 3558 &artius
562 3474 590 3527 P
604 3490 674 3528 corr.
687 3476 755 3528 aad
841 3439 963 3559 posstdet
980 3476 1059 3541 (corr.
1074 3489 1107 3525 ot.
1119 3476 1148 3537 2)
1167 3471 1203 3524 Η

134 3594 292 3679 legemquae
311 3594 343 3647 H
444 3594 596 3663 dneclegis
615 3594 646 3647 Η
663 3612 675 3646 s
693 3610 763 3649 corr.
782 3611 816 3648 m.
835 3597 868 3660 2,
903 3560 980 3664 aazia
998 3593 1026 3648 R
1124 3592 1274 3646 minuar·-

134 3716 174 3785 H,
203 3719 350 3771 minorisa
452 3718 549 3772 9hiue
568 3718 595 3771 P
700 3720 731 3771 10
749 3688 885 3784 οιῖὶηὲοιο
903 3716 936 3769 Η
950 3717 1102 3771 coram
1210 3733 1273 3783 pro-

134 3812 246 3923 miserat
263 3838 296 3891 Η
310 3854 379 3892 cor-r.
398 3842 471 3892 ma
557 3838 725 3909 delinqueres
743 3838 824 3894 RHo
911 3838 943 3892 11
961 3838 1002 3891 nil
1020 3838 1048 3891 P
1135 3837 1168 3889 12
1188 3840 1274 3893 uelud

135 3932 253 4040 ignttutn
281 3961 312 4013 H
335 3976 404 4013 corr.
422 3963 494 4015 nt2
600 3962 632 4014 13
657 3932 785 4045 uideretis
809 3962 834 4025 (r
851 3976 869 4012 a
887 3961 964 4025 ma)
989 3958 1022 4021 P,
1059 3957 1159 4011 uideris
1183 3974 1199 4011 u

134 4063 245 4131 offenso]
264 4080 294 4116 eo
312 4064 410 4118 inrue.
429 4064 456 4119 R
543 4054 617 4116 non¹²⁸
631 4065 795 4130 (neurad)
814 4063 847 4125 P,
878 4077 930 4116 non
948 4061 983 4116 H
1067 4063 1098 4116 15
1116 4078 1164 4115 cur
1183 4078 1199 4115 a·

137 4149 314 4219 ltipospcieni
327 4149 360 4201 H
427 4150 513 4218 pareri
526 4150 553 4203 P
625 4149 656 4203 17
670 4150 845 4205 sustinerint
920 4148 952 4202 19
964 4148 1154 4201 contumeliors
1167 4148 1200 4201 H

133 4238 169 4292 ah
187 4237 357 4316 noncupatiq;
376 4235 403 4288 P
422 4248 457 4305 (cp
476 4252 537 4304 erp.
556 4252 589 4288 or.
602 4238 632 4301 2)
736 4234 768 4289 21
789 4250 885 4290 urrov
986 4234 1089 4302 pictam
1108 4233 1140 4286 H
