2774 4830
136 292 201 361 280
630 293 766 348 Sednlii

135 487 238 554 tutis
272 486 308 549 et
340 483 594 569 ignorantiae
627 501 672 548 ne
705 482 946 561 memineris,
975 484 1149 551 Domine.
1189 484 1264 567 qnid

136 608 222 673 ergo,
272 604 483 670 quaecumque
532 583 653 666 flagitia
694 586 849 652 iuuenalis
893 592 976 653 aetas
1019 586 1186 653 admiserit
1229 588 1262 653 in

135 693 329 757 senectutem
351 688 466 756 debent
488 686 653 753 relaxanda
675 690 817 754 seruari?
844 688 928 754 absit
950 691 1040 755 utin
1063 688 1159 755 nobis
1182 689 1262 757 uitia

135 797 338 880 permaneant
367 794 398 859 et
420 793 593 858 senescant.
634 794 686 858 sed
711 810 783 857 oum
805 792 913 857 diuina
934 793 1103 859 elementia
1125 793 1259 876 patienti

136 898 378 984 longanimitate
402 894 571 960 mitissime
599 893 708 961 iudioii
736 894 930 978 suspenderit
958 895 1121 973 ultionem,
1154 897 1289 963 nullaer

136 1021 192 1069 nos
224 1021 259 1066 ex
291 1000 362 1065 istis
396 998 525 1064 indutiis
558 1016 629 1081 spes
661 996 858 1079 impunitatis
891 998 1061 1076 obtundat,
1087 998 1144 1065 sed
1179 1000 1258 1065 tum·

135 1123 230 1188 quam
253 1102 364 1168 famuli
385 1102 504 1166 diutius
527 1100 655 1184 fugitiui
684 1119 750 1167 sero
773 1101 879 1167 saltim
901 1106 1042 1167 nostrum
1066 1104 1259 1169 reuertamur

134 1208 174 1273 nd
202 1207 381 1280 Dominum,
411 1205 449 1270 ab
479 1205 545 1287 ipso
572 1204 625 1269 uel
652 1222 739 1270 senes
767 1204 908 1270 lubricae
936 1204 1111 1271 iuuentutis
1134 1207 1258 1271 ueniam

135 1309 339 1394 postulantes,
387 1308 530 1389 quamuis
577 1307 741 1373 conueniet
782 1326 1033 1392 unumquemque
1077 1310 1259 1392 peooantenr

136 1413 310 1488 confestim,
334 1429 406 1476 oum
435 1409 536 1476 adhue
563 1413 612 1476 est
630 1413 724 1492 culpo
751 1412 909 1487 recentior,
933 1412 1146 1495 poenitentiae
1163 1411 1289 1479 ferrae

135 1516 249 1582 mentis
272 1515 339 1581 eius
361 1514 447 1579 uleus
470 1512 638 1593 abscidere,
655 1532 693 1579 no
708 1514 862 1599 serpentis
878 1515 976 1581 morbi
993 1514 1158 1599 primitiae
1171 1515 1259 1581 uelut

24 1682 29 1691 .
134 1620 253 1685 radiees
275 1618 374 1685 amari
395 1616 544 1702 germinis
566 1617 661 1683 altius
683 1617 875 1703 neglegentis
897 1618 1050 1703 egriodae
1076 1618 1258 1684 remissione

134 1723 321 1799 submersae,
359 1721 444 1786 nullo
481 1721 607 1786 ualeant
640 1721 734 1786 euelli
766 1721 892 1804 penitus
926 1724 987 1788 iarn
1021 1720 1138 1787 labore.
1176 1722 1259 1788 idem

135 1826 268 1910 denique
295 1825 456 1910 propheto,
485 1842 523 1889 ne
553 1842 608 1906 pro
638 1823 834 1890 iuuenalibus
868 1823 991 1889 deliotis
1019 1829 1057 1890 ut
1089 1824 1258 1909 neglegens

134 1930 291 1996 uideretur
324 1928 421 1996 serius
454 1929 640 2012 supplicare,
673 1927 794 1994 addidit
827 1927 1046 2012 ignorantiam,
1081 1946 1143 2010 quo
1178 1927 1290 2011 apudn

134 2034 219 2116 pium
242 2032 376 2098 iudieem
398 2031 520 2097 laoilius
546 2030 607 2095 sibi
635 2031 764 2096 relaxari
786 2032 951 2096 meruisset
972 2047 1119 2095 errorem.

104 2152 124 2213 t
176 2152 280 2235 Igitur
303 2156 334 2217 et
356 2152 469 2217 Petrus
491 2150 649 2234 apostolus
665 2148 827 2216 Christum
842 2169 954 2235 negare
971 2168 1031 2215 non
1046 2150 1182 2229 studuit,
1204 2151 1258 2217 sed

133 2257 166 2320 in
188 2253 353 2320 obliuionis
376 2273 483 2321 ossum
504 2253 691 2339 simpliciter
707 2257 739 2319 et
752 2255 931 2336 ignoranter
945 2254 1086 2319 ineurrit.
1112 2254 1258 2339 namqui

133 2375 201 2422 sese
233 2358 312 2421 mori
346 2357 426 2422 uelle
463 2375 533 2422 oum
569 2356 703 2423 Domino
740 2356 830 2438 plena
866 2358 1027 2422 deuotione
1062 2358 1258 2441 promiserat,

135 2461 254 2525 alienus
286 2458 325 2523 ab
359 2460 425 2525 eius
457 2459 558 2525 uideri
591 2459 743 2527 consortio
775 2461 833 2525 sub
862 2459 1001 2541 quolibet
1029 2460 1167 2542 periculo
1197 2479 1290 2531 noun

184 2748 466 2817 lignorantiaomeao
478 2748 558 2803 HBo
637 2747 730 2803 donno
815 2749 963 2803 ifleeieP
1041 2750 1258 2816 amiseritPffl,

132 2834 280 2888 ammirarit
296 2833 352 2889 BR
370 2833 397 2901 (d
415 2848 436 2888 ι.
448 2833 466 2888 l.
478 2850 514 2889 m.
528 2836 548 2888 2
564 2832 641 2900 add)
739 2834 911 2889 Bseneotuta
929 2834 957 2890 P
1049 2835 1260 2891 noliensium

132 2920 167 2974 H
247 2919 321 2974 absit
337 2921 366 2974 in
384 2920 461 2974 nobis
479 2923 562 2975 utitn
573 2924 678 2975 maneat
696 2936 720 2984 o,
746 2921 1028 2976 autoramento
1045 2921 1073 2974 B
1163 2924 1258 2978 deon·

132 3011 271 3061 seneseent
288 3006 335 3062 Bo
422 3008 629 3063 tmitissimam
647 3007 727 3062 RHp
812 3007 895 3061 iudici
912 3006 946 3074 P,
975 3006 1068 3061 iuditii
1085 3008 1130 3073 Η,
1159 3009 1259 3064 indicis

131 3092 171 3158 R,
205 3094 273 3159 fort.
299 3092 406 3146 iudiciis
543 3093 713 3163 suspenderet
738 3093 815 3148 PBo
952 3093 1028 3147 nulla
1054 3094 1150 3161 HBo,
1185 3097 1258 3153 nolle

130 3175 245 3244 Ludos„
280 3178 356 3232 nulla
382 3194 415 3232 en
440 3178 505 3244 fort.
612 3182 629 3233 6
654 3179 712 3249 nos]
739 3196 792 3233 non
817 3196 835 3233 o
936 3179 1050 3234 indutiis
1076 3180 1118 3249 R,
1153 3182 1258 3238 indutis

131 3262 165 3329 P,
200 3263 311 3317 indutus
336 3264 397 3329 111,
433 3265 535 3320 iudicas
562 3271 612 3333 (ora
638 3265 775 3333 iudiciisi’)
803 3267 843 3331 Β,
879 3265 1001 3321 indultae
1028 3269 1098 3322 coni.
1126 3268 1189 3323 Ιιιι.

132 3350 199 3419 spes]
217 3365 267 3405 om.
286 3349 341 3406 PR
443 3352 605 3420 inpuditatis
628 3352 662 3419 P,
691 3352 853 3420 inpunitatis
870 3368 904 3407 ex
920 3353 1056 3421 inponatis
1078 3354 1106 3407 B
1211 3356 1257 3410 ob·

132 3440 212 3490 tunae
233 3436 258 3503 (s
274 3451 307 3491 eo
324 3440 338 3489 t
354 3453 388 3490 ιιι.
405 3438 437 3504 2)
463 3438 504 3498 Β,
538 3438 655 3507 optanda
682 3438 710 3493 P
811 3438 827 3491 l
854 3438 967 3507 diutius]
995 3438 1078 3493 dieite
1103 3456 1139 3494 ex
1164 3440 1258 3497 dieitis

132 3521 169 3586 H,
196 3520 276 3576 diuo
372 3523 507 3592 fugitiuus
524 3524 558 3587 P,
584 3523 752 3592 fugitiniere
770 3523 805 3577 H
897 3523 999 3592 dipsis
1016 3523 1044 3578 P
1145 3526 1179 3582 10
1196 3543 1259 3583 eon·

131 3608 223 3662 lostirn
246 3607 274 3663 Β
376 3607 615 3663 eum-ebsoidere
637 3625 688 3664 om.
710 3609 760 3663 Bu
861 3609 912 3680 est]
935 3612 977 3662 tor
998 3608 1027 3663 P
1131 3613 1162 3667 ll
1188 3629 1259 3669 mors

131 3709 160 3764 P
277 3710 358 3765 uelud
381 3711 414 3765 Η
514 3711 672 3781 necligentio
694 3711 727 3777 P,
756 3711 921 3782 negligentis
943 3712 985 3767 11¹
1088 3715 1123 3768 12
1144 3717 1260 3774 aerioole

132 3815 160 3868 P
253 3814 394 3869 remisione
411 3816 446 3870 H
545 3816 578 3870 13
594 3815 672 3870 anelli
690 3818 715 3885 (e
733 3820 813 3881 erae.)
831 3816 867 3871 Η
966 3817 999 3871 14
1018 3832 1065 3872 neo
1086 3818 1114 3872 P
1213 3838 1260 3891 pro

130 3951 180 3991 om.
198 3936 226 3990 P
327 3935 466 4005 negligens
483 3936 515 4002 P,
545 3902 653 4006 mplius
672 3938 702 3990 H
804 3939 837 3994 15
854 3937 1002 4007 supplicare
1020 3938 1093 4003 libri,
1124 3941 1261 4009 applioere

131 4038 229 4095 laada.
332 4040 400 4110 qnod
429 4040 484 4097 PR
586 4042 620 4095 ad
646 4042 806 4110 principium
832 4042 860 4095 P
968 4043 1001 4096 16
1026 4044 1144 4098 rehrere
1172 4046 1196 4100 1

132 4132 164 4185 11
186 4148 222 4187 nn
245 4148 321 4188 nonu
344 4148 537 4189 normannus
560 4149 644 4189 nnrnr
666 4134 707 4201 R,
736 4152 787 4191 our.
809 4135 862 4191 Ho
972 4137 1004 4191 18
1027 4138 1137 4207 namqui
1160 4140 1260 4211 HBo,

131 4226 217 4280 nemsi
235 4227 263 4281 P
362 4228 395 4282 19
413 4228 521 4282 deuotio
540 4228 567 4281 P
668 4229 703 4283 20
720 4228 780 4297 sub]
799 4230 823 4283 si
840 4229 867 4282 Β
