2774 4830
120 296 186 364 276
614 296 748 353 sedulii

117 484 231 572 flagitii
253 488 453 570 perpetrarat.
491 506 590 571 neque
612 487 695 553 enim
717 487 815 553 totius
839 488 948 553 mnndi
963 488 1043 553 bona
1065 488 1253 555 sufficerent

118 586 233 655 cuneo
262 588 331 655 tuso
362 590 536 672 comparari
566 608 638 656 cum
667 589 829 675 sauguine,
859 590 912 673 qui
940 592 1050 657 mundi
1078 596 1172 676 pater
1200 595 1250 657 est

116 692 266 767 uniuersi,
297 692 351 775 qui
379 691 465 758 hunc
494 711 614 776 qnoque
644 692 813 759 nefandum
844 692 930 758 nasci
952 694 1115 760 concessit
1153 696 1248 778 atque

117 796 240 861 utinam
273 798 382 861 matris
417 795 505 861 arida
533 796 702 862 sterilitate
740 797 907 861 damnatus
939 797 1021 863 diem
1059 797 1247 863 natalicium

117 917 179 963 non
208 898 341 964 uidisset
370 917 427 965 neo
449 898 605 965 aetheriae
628 899 707 965 lucis
733 899 870 965 iucunda
891 902 1092 983 conspiceret,
1116 904 1279 966 aeternos

117 1003 238 1087 torpore
261 1002 308 1067 nil
329 1021 529 1085 permanens3
552 1004 726 1086 miseroque
748 1004 830 1068 toret
850 1004 908 1068 illa
925 1022 991 1069 sors
1008 1003 1119 1069 melior
1141 1002 1245 1069 uitam

116 1106 234 1172 nescire
261 1106 411 1170 traditam
439 1123 533 1188 quam
565 1106 680 1170 sentire
703 1105 907 1186 subtractam,
931 1111 986 1171 aut
1007 1106 1187 1192 confestim,
1209 1110 1245 1173 ut

116 1209 234 1277 meruit
256 1209 418 1293 procreari,
445 1210 610 1275 meruisset
626 1211 658 1274 et
673 1209 753 1275 mori
768 1210 917 1293 fieretque
933 1211 1046 1292 psalmi
1061 1211 1243 1295 principalis

116 1314 300 1396 exemplum,
323 1314 476 1397 quatenns
499 1312 546 1377 ita
568 1331 692 1395 prorsus
718 1315 785 1378 toto
807 1313 960 1397 deperiret
973 1331 994 1377 a
1007 1312 1130 1378 saeculo
1148 1317 1244 1377 tam·

115 1435 229 1500 qnam
259 1415 410 1498 puluis,
442 1435 553 1498 quem
582 1417 730 1499 proicit
758 1419 901 1482 uentus
923 1416 1068 1482 aiecio
1090 1418 1276 1493 terrae,1o

114 1520 295 1601 nullamque
329 1517 512 1585 memoriam
546 1522 594 1583 sui
631 1521 764 1585 nominis
798 1519 977 1602 reliquisset
1010 1519 1127 1584 infelix.
1168 1521 1242 1585 tune

113 1624 211 1707 igitm
233 1624 344 1701 audax,
363 1626 500 1700 cruente,
517 1621 611 1704 ferox,
625 1622 764 1701 rebellis,
780 1622 898 1702 insane,
915 1625 989 1687 tune
1006 1621 1113 1702 lallar,
1129 1622 1241 1689 crude·

114 1725 164 1805 lis,
187 1725 302 1809 inique,
326 1726 447 1792 uenalis
464 1744 500 1792 ac
514 1727 638 1810 perfide,
656 1728 730 1791 tune
746 1726 889 1801 traditor,
905 1726 994 1804 latro,
1010 1724 1075 1789 tere
1089 1726 1240 1808 proditor,

113 1829 235 1895 inmitis
259 1833 289 1896 et
311 1830 417 1913 impie,
439 1832 581 1913 praeuius
603 1831 712 1895 ductor
734 1846 770 1894 ac
791 1829 923 1911 signiter
951 1828 1055 1895 hostes
1078 1828 1240 1894 comitaris

114 1932 288 2013 horribiles,
320 1935 482 2017 aciemque
511 1934 696 2016 sacrilegam
720 1932 835 2016 gladiis
868 1934 900 1997 et
927 1931 1063 1998 fustibus
1085 1931 1241 1998 uiolenter
1252 1955 1276 1997 u

113 2041 266 2104 armatam
298 2056 368 2103 cum
401 2037 566 2104 minaciter
593 2053 729 2114 moneas,
757 2036 959 2102 mendacibus
986 2034 1100 2101 osculis
1130 2036 1240 2101 foedus

112 2139 323 2206 incommodas
344 2140 499 2223 mellaque
522 2139 647 2205 uenenis
668 2138 811 2222 adiungis
834 2139 866 2204 et
883 2156 977 2204 saeua
992 2139 1125 2203 Domino
1141 2139 1240 2204 tradi·

112 2244 196 2309 tione
229 2242 402 2308 blandiris?
439 2260 493 2307 cun
528 2242 645 2307 socium
679 2240 835 2306 fallaciter
868 2242 1019 2323 profiteris
1054 2245 1086 2306 et
1119 2244 1241 2309 amicae

111 2346 229 2411 frondis
265 2344 452 2411 salutatione
489 2345 711 2428 perfungeris?
743 2363 915 2427 numquam
949 2346 1055 2411 noxios
1089 2349 1146 2411 aut
1180 2364 1241 2428 pax

111 2448 251 2514 coniurat
274 2448 308 2513 in
335 2447 455 2532 gladios
482 2454 537 2514 eut
559 2448 651 2532 lupus
674 2449 781 2515 oscula
802 2449 936 2533 porrigit
957 2466 1036 2533 agno
1059 2448 1273 2515 truculentam

110 2551 288 2617 mitissimo.

211 2791 228 2845 9
245 2790 345 2845 Psalm.
365 2793 387 2853 1,
406 2791 423 2843 4

161 3012 327 3083 lllagitiam
346 3013 374 3067 P
461 3016 630 3083 perpetrarat
647 3013 688 3079 R,
718 3016 883 3082 perpetraret
900 3029 923 3077 o,
949 3014 1013 3079 fort.
1032 3018 1238 3082 perpetraturus

108 3119 165 3169 orat
268 3116 338 3170 bona
360 3132 393 3171 coc
416 3117 487 3170 dona
514 3117 541 3170 Β
642 3117 660 3170 2
685 3132 733 3170 oon
761 3117 788 3170 Β
891 3117 908 3170 4
933 3116 1079 3171 sterilitate
1103 3116 1180 3171 arida
1205 3118 1239 3186 P,

108 3220 295 3275 sterelitateB
381 3219 478 3273 diesP
561 3219 702 3275 binconda
715 3220 747 3285 P,
769 3219 881 3274 iocunda
892 3219 978 3275 ΕΗΒ
1064 3207 1129 3275 ceno
1143 3222 1171 3275 P

108 3325 124 3378 6
151 3326 255 3392 torpore
278 3324 321 3385 H,
351 3311 410 3392 tepr
436 3325 464 3377 Β
567 3324 636 3378 nibil
663 3324 696 3377 H
796 3340 852 3378 sors
876 3324 925 3379 illa
950 3324 978 3378 P
1078 3341 1122 3378 sor
1150 3327 1170 3380 1

107 3444 261 3498 sornnelior
283 3444 318 3497 H
416 3412 595 3514 8princ¹palis
612 3444 640 3499 R
743 3446 907 3515 9quatinus
926 3446 954 3500 B
1056 3448 1117 3500 tota
1134 3448 1169 3502 H

109 3549 141 3603 10
166 3554 386 3617 quem-uentus
410 3564 461 3603 orn.
488 3549 516 3603 P
618 3549 698 3602 faciae
721 3551 748 3618 (a
765 3552 843 3614 eras.)
868 3548 900 3603 H
1002 3550 1033 3603 11
1061 3550 1238 3619 relinquisset

105 3634 141 3688 H
224 3634 481 3688 tuncextnneH²
576 3634 610 3687 12
628 3634 732 3705 insane]
751 3650 819 3689 erce.
839 3636 870 3689 in
888 3634 931 3701 H,
960 3652 1044 3690 octo
1142 3638 1176 3691 13
1194 3640 1237 3709 ac]

104 3723 166 3774 oto
269 3718 371 3787 perdite
389 3718 534 3785 Haedos.
552 3735 575 3773 o.
594 3723 631 3773 60
736 3720 768 3774 14
791 3720 915 3775 bostiso
1016 3722 1185 3778 commitaris
1204 3726 1238 3789 P,

103 3805 241 3859 comitaris
261 3805 288 3858 Β
374 3806 407 3860 15
419 3804 579 3861 orribilesR
665 3806 749 3860 aciem
762 3820 873 3873 quamn
959 3806 1113 3875 sacrilegem
1131 3810 1168 3863 H

104 3906 130 3943 o·
153 3891 188 3943 H
289 3892 321 3945 16
339 3892 408 3961 curn]
427 3907 484 3945 com
503 3892 535 3955 P,
567 3894 598 3945 tu
618 3891 645 3944 B
747 3892 892 3945 oculisH¹
912 3894 1117 3961 (oeroeaat’)
1136 3895 1164 3949 B

105 3976 193 4030 foedus
216 3980 240 4041 (e
261 3982 343 4045 erae.)
372 3978 404 4031 H
506 3979 538 4031 17
566 3994 628 4031 sona
654 3978 682 4031 P
781 3977 977 4046 pmtraditrone
1002 3980 1043 4043 H,
1079 3982 1239 4048 proditione

104 4063 154 4118 Bo
241 4066 274 4119 18
292 4066 372 4119 amice
391 4072 514 4135 (qerce.)
532 4066 576 4131 H,
603 4066 732 4120 amiceB
819 4066 851 4120 19
869 4066 1012 4135 taneto
1030 4070 1113 4135 eros.)
1133 4070 1169 4124 H

103 4148 254 4204 saluatione
272 4151 337 4205 Pur.
428 4152 622 4219 usussoungeris
641 4152 677 4216 H,
704 4152 861 4221 pertingeris
879 4152 913 4217 B,
941 4154 1129 4221 perstringeris
1148 4170 1165 4210 o

102 4238 167 4290 aute
185 4253 233 4306 par
251 4238 279 4291 P
377 4238 412 4294 20
429 4240 486 4309 ant]
506 4254 555 4294 om.
574 4239 609 4292 H
707 4240 739 4294 21
759 4239 902 4293 mitissimo
920 4256 970 4296 om.
989 4256 1005 4293 o
