2774 4830
533 341 681 413 Remigii
701 343 885 414 expositio.
1210 344 1275 412 325

147 541 371 601 Grandaeuo
393 540 471 599 situ
494 540 521 597 ·i·
542 538 633 599 nimie
647 541 805 609 senectute,
828 540 903 598 situs
920 556 971 613 pro
986 541 1133 600 senectute
1149 538 1273 615 ponitur,
1283 564 1303 593 v.
1319 555 1382 596 roe-

147 645 262 719 proprie
285 642 360 704 sitne
376 642 481 703 dicitur
505 643 611 716 lanugo
626 644 722 703 terrae
738 644 769 703 in
784 642 856 701 loeis
871 644 1013 717 neglectis
1029 645 1057 701 ·i·
1072 644 1127 703 soli
1144 644 1274 703 inacces-

145 749 198 809 sis.
233 746 355 807 Ponitur
376 746 424 805 hie
445 746 519 805 situs
542 763 594 820 pro
616 747 773 806 uetustate.
816 745 999 819 Frigidus
1021 747 1135 818 dicitur,
1159 746 1228 819 quia
1242 746 1272 805 in

146 850 300 911 iuuenibus
333 850 453 924 sanguis
475 830 566 920 'celet
589 848 619 907 in
645 849 765 908 sonibus
793 865 860 908 uero
883 849 986 923 triget3
1009 850 1133 924 frigidus
1156 865 1224 923 ergo
1247 851 1273 907 ·i.

124 954 272 1017 snetulus.
317 953 402 1012 Cum
434 952 583 1012 seniore
617 952 713 1025 niro,
747 953 815 1025 qnia
837 953 984 1012 Abraham
1008 952 1063 1012 iam
1094 968 1180 1012 senex
1200 954 1273 1029 erat,

145 1057 289 1131 siquidem
310 1056 459 1115 Abraham
481 1055 672 1127 centonarius,
696 1055 767 1114 Sara
791 1071 856 1114 nero
883 1055 1079 1130 nonagenaria
1106 1055 1274 1114 habebatur.

145 1161 236 1220 Senes
258 1159 392 1218 dicuntur
413 1159 568 1217 secundum
590 1159 746 1217 Varronem
771 1160 853 1231 quasi
877 1176 908 1218 se
932 1159 1103 1237 nescientes,
1124 1158 1192 1231 quia
1206 1174 1274 1231 prae

143 1263 237 1322 nimia
258 1262 403 1322 senectute
430 1248 561 1321 delirant.
606 1260 695 1319 Plus
724 1259 884 1333 pietatis
914 1262 1054 1321 habens
1076 1279 1099 1319 s.
1128 1260 1161 1319 in
1182 1261 1274 1320 deam.

144 1367 181 1426 In
205 1367 258 1425 hoc
280 1365 403 1425 crudelis
427 1364 483 1424 luit
497 1363 655 1435 Abraham,
680 1362 818 1438 quoniam
836 1363 926 1423 tilium
942 1365 1084 1425 decollare
1100 1365 1201 1437 uoluit,
1225 1364 1274 1424 sed

107 1496 134 1536 10
145 1472 222 1544 pius,
245 1468 314 1542 quia
333 1469 413 1527 deum
429 1467 495 1540 plus
511 1484 597 1541 quam
611 1466 701 1526 hlium
717 1468 827 1527 dilexit.
864 1466 1113 1527 occumberet
1128 1466 1154 1525 ·i·
1169 1470 1275 1527 rueret.

145 1573 231 1632 blodo
261 1570 445 1643 allegorizet:
476 1569 621 1629 Abraham
645 1569 791 1643 significat
813 1571 897 1628 deum
925 1574 1045 1642 petrem,
1070 1569 1151 1627 Isaac
1174 1568 1274 1640 filium,

144 1676 222 1735 aries
246 1672 448 1733 humilitatem.
486 1674 565 1731 Duas
589 1674 710 1732 naturas
733 1673 762 1731 in
790 1672 903 1732 Christo
925 1673 1078 1744 credimus,
1101 1689 1187 1731 unam
1210 1687 1275 1745 per·

144 1794 258 1848 sonam,
286 1780 315 1837 et
344 1774 421 1836 sicut
449 1776 524 1835 aries
552 1775 718 1835 immolatus
747 1778 792 1835 est
821 1778 851 1835 et
873 1776 954 1835 Isaac
984 1774 1134 1834 incolumis
1157 1775 1275 1845 mansit,

145 1883 188 1940 ita
211 1879 373 1939 humanitas
397 1878 505 1937 Christi
527 1880 655 1953 passioni
679 1878 838 1951 succubuit,
862 1880 912 1937 sed
935 1878 1073 1937 diuinitas
1095 1875 1275 1951 inpassibilis

103 2010 133 2050 15
146 1982 214 2043 suit.
259 1981 351 2040 Loth
380 1980 588 2054 interpretatur
616 1982 773 2053 declinans,
802 1982 922 2040 Sodoma
951 1998 1037 2055 pecus
1067 1982 1186 2053 mutum,
1209 1978 1276 2051 quis

145 2089 251 2146 contra
283 2087 418 2145 naturam
452 2084 691 2144 irrationabiliter
723 2086 889 2158 peccabant.
933 2084 1049 2143 Chaos
1084 2083 1112 2141 ·i·
1146 2081 1275 2142 conlusio

145 2189 362 2262 elementorum,
400 2187 588 2261 perditionem
626 2187 771 2262 significat
803 2186 910 2247 mundi.
956 2187 1032 2246 Nota
1065 2191 1112 2247 est
1143 2183 1274 2245 historia.

145 2292 230 2351 Pluit
263 2291 333 2350 dens
361 2291 456 2364 ignem
485 2295 515 2350 et
542 2291 664 2364 sulphur
694 2306 781 2363 super
810 2290 968 2355 Sodomam,
995 2290 1132 2364 quoniam
1154 2286 1276 2362 angelus

145 2390 298 2468 praecepit
318 2393 390 2453 Loth
414 2397 444 2453 et
473 2392 553 2452 uxori
583 2395 655 2463 eius,
678 2397 710 2451 nt
732 2392 867 2466 lugerent
888 2394 919 2451 et
940 2395 1005 2466 post
1027 2409 1058 2451 se
1082 2393 1195 2452 uultum
1218 2407 1277 2450 non

103 2497 343 2561 aodefleeierent.
367 2496 520 2571 Aspiciens
542 2512 611 2555 uror
634 2495 695 2554 eius
717 2498 794 2555 retro
818 2512 902 2554 uersa
923 2499 969 2554 est
990 2495 1021 2553 in
1044 2498 1170 2554 statuam
1194 2493 1275 2568 salis,

147 2602 180 2659 et
202 2599 274 2659 bene
296 2600 326 2657 in
348 2603 475 2658 statuam
499 2600 581 2669 salis,
604 2603 636 2659 nt
658 2601 713 2658 hoc
735 2599 863 2674 exemplo
888 2602 999 2660 mentes
1015 2598 1191 2659 audientium
1207 2615 1276 2658 ecn-

146 2702 292 2773 direntur,
312 2719 347 2761 ne
362 2702 467 2761 similia
482 2701 674 2777 perpetrando
693 2701 804 2761 similia
818 2705 996 2776 paterentur.
1020 2702 1060 2761 ln
1076 2719 1140 2761 sua
1155 2704 1274 2774 terga,

146 2804 199 2879 quai
222 2804 248 2863 si
272 2804 382 2875 lecerit,
407 2804 496 2865 faciet
519 2805 628 2864 sulcum
653 2804 799 2879 obliquum
822 2806 848 2863 -i-
872 2808 1033 2866 tortuosum
1047 2809 1098 2865 aut
1112 2804 1276 2865 uulnerabii

146 2924 234 2967 crura
260 2906 411 2982 iugalium.
449 2908 504 2967 Per
534 2910 663 2967 arantem
693 2902 828 2981 designat
851 2908 1087 2982 praedicatorem,
1111 2924 1162 2981 per
1184 2909 1275 2967 areti-

101 3026 233 3077 ssonem
255 3010 499 3084 praedicationem
522 3011 548 3070 ·i·
573 3012 667 3085 ipsam
689 3011 857 3073 orationem.
896 3011 1072 3071 sicutenim
1094 3014 1192 3071 arator
1217 3027 1276 3071 non

146 3112 236 3173 debet
262 3113 371 3173 rolens
401 3111 512 3173 nultum
540 3113 571 3173 in
593 3131 646 3173 sua
668 3117 762 3186 terge,
787 3116 828 3173 ita
850 3114 1032 3187 praedicator
1055 3130 1112 3174 non
1136 3114 1220 3175 debet
1242 3130 1277 3173 ea

145 3216 255 3287 iacere,
283 3232 356 3289 qnae
386 3215 536 3290 praedicat
557 3217 685 3275 uitanda.
729 3216 899 3276 Frondea
919 3235 972 3291 pro
993 3217 1137 3290 frondosa,
1160 3217 1275 3277 frondo-

145 3334 212 3377 sum
240 3317 348 3379 dicitur
377 3318 485 3377 habens
513 3318 645 3391 trondem
674 3318 825 3378 frondeum
847 3335 914 3379 uero
937 3319 1047 3394 aliquid
1069 3321 1104 3380 de
1128 3320 1276 3381 frondibus

145 3420 238 3482 ramis
267 3420 376 3482 iactum
404 3422 479 3481 sicut
507 3438 595 3481 scena
622 3423 650 3481 ·i·
681 3423 885 3483 umbraculum.
931 3424 1067 3483 Plexos
1101 3424 1129 3483 ·i·
1163 3440 1275 3483 curuos.

101 3523 340 3591 ³0Trisulcis
368 3524 396 3583 ·i·
418 3524 531 3586 trifidis.
588 3526 713 3599 Serpens
741 3527 827 3585 tanta
853 3525 987 3598 agilitate
1017 3525 1148 3600 linguam
1169 3530 1275 3599 mouet,

143 3630 182 3686 nt
204 3626 336 3686 uideatur
360 3627 521 3687 hominibus
544 3627 672 3688 trisulca
707 3627 905 3688 chelidrus
928 3630 955 3689 .i.
979 3645 1106 3703 serpens,
1130 3630 1179 3702 qui
1202 3628 1277 3689 uiuit

144 3732 179 3791 in
214 3736 294 3791 terre
325 3733 356 3789 et
390 3731 419 3789 in
450 3748 533 3804 aqua.
573 3730 700 3791 Cherson
731 3747 834 3804 graece
867 3734 953 3805 terre,
987 3733 1058 3808 ydor
1091 3749 1175 3806 aqna,
1209 3731 1276 3791 inde

143 3832 295 3892 chelidrus
329 3834 413 3906 quasi
444 3833 610 3893 chersidrne
638 3851 670 3893 eo
704 3833 780 3907 qued
807 3834 837 3895 in
869 3838 948 3895 terra
974 3838 1005 3895 et
1032 3836 1062 3894 in
1088 3852 1163 3909 aqua
1184 3834 1277 3909 possit

144 3936 256 3995 uiuere.
296 3936 481 3996 Incedens
504 3936 532 3995 ·i·
555 3936 737 4010 ingrediens.
775 3936 980 4012 Baptisma,
1003 3938 1148 4013 baptisma
1171 3938 1274 3996 hebra·

253 4067 321 4122 ici.
339 4084 424 4122 meam
443 4068 477 4123 de
495 4068 619 4139 Remigio
637 4072 777 4124 comment.
797 4087 822 4140 p.
841 4072 874 4126 21

201 4190 236 4243 13
253 4188 392 4244 incolimus
410 4190 449 4243 A¹
550 4189 585 4244 26
602 4206 634 4244 ee
649 4189 735 4244 fatere
752 4191 822 4245 ferre
840 4191 868 4245 Β
964 4193 999 4247 al
1018 4166 1102 4248 iniere
1119 4196 1145 4259 (c
1161 4208 1180 4245 o
1196 4208 1230 4246 en.
1248 4194 1278 4259 2)

142 4278 176 4333 A
280 4276 315 4329 33
332 4274 452 4330 chelidns
468 4276 506 4329 ΑΙ
608 4275 746 4331 chersidus
763 4277 803 4331 A¹
