2774 4830
152 283 216 350 248
655 279 790 334 zetarii

103 476 148 539 u
202 470 340 540 (lenem
367 470 466 556 igitur
486 473 602 536 terram
623 470 714 535 coetu
736 468 910 533 eomitante
929 466 1157 551 discipulorum
1176 470 1289 536 relicta

159 573 313 639 Dominus
346 574 420 639 naui
455 571 606 655 calcabat,
642 574 731 638 euius
769 571 891 637 incolae
924 576 1050 655 gratim
1081 574 1291 657 susdpinan

156 676 340 753 aduentum,
355 694 429 741 suos
439 676 571 741 diuersis
582 673 784 761 lauguonbus
794 674 961 759 impeditos
970 674 1010 739 so
1019 674 1163 740 diuimm
1172 694 1289 743 fln-

157 779 215 845 clor
241 779 450 864 praesentim
478 781 718 865 congregabant,
747 782 785 843 ut
810 778 936 844 fimbria
961 778 1069 843 saltim
1100 780 1289 847 uestinti

157 883 226 948 eius
246 882 374 948 adtacta
394 881 513 949 morbis
533 885 712 948 mederetur
731 883 918 966 asperrimis.
950 882 1148 964 utquisque
1169 884 1319 954 menis

159 984 219 1052 boc
238 986 342 1069 potiri,
365 1003 490 1069 compos
512 984 615 1050 iactus
636 992 687 1050 est
707 1002 779 1050 mor
799 985 923 1051 salutis.
961 1003 1055 1069 quam
1069 986 1213 1068 pretiosa
1225 988 1288 1053 fuit

159 1088 237 1154 baec
262 1088 376 1154 uestis!
407 1089 459 1152 uel
485 1088 621 1171 pretium
651 1088 755 1172 magis
775 1089 838 1154 ista
859 1107 921 1154 nou
949 1088 1071 1171 babuit,
1094 1108 1177 1171 quae
1198 1089 1287 1155 nullo

160 1189 340 1256 uenunlata
374 1195 558 1257 commercio
593 1193 683 1273 parui
720 1192 768 1257 fili
805 1191 986 1258 muneribus
1013 1191 1081 1275 ipsa
1108 1192 1288 1259 redimebat

161 1295 330 1359 uniuersos.

107 1418 147 1483 tl
203 1413 287 1480 Hine
307 1415 380 1499 Tyri
403 1414 587 1498 Sidonisque
607 1419 857 1497 praetereuntem
875 1417 1008 1501 regionis
1033 1416 1148 1480 itinera
1173 1416 1317 1488 mulius

160 1516 346 1583 Cbmauaea
362 1536 417 1601 pro
433 1518 516 1583 tiliae
531 1520 609 1584 uitio
624 1521 759 1597 anxiata,
781 1537 876 1602 quam
891 1520 1019 1602 spiritus
1033 1522 1101 1585 ater
1115 1520 1286 1597 insederat,

160 1620 345 1705 suppliciter
365 1621 552 1687 obsecrabat
570 1641 604 1687 se
633 1623 759 1688 canibus
783 1623 944 1706 postulans
965 1623 1212 1705 exaequandam,
1234 1624 1287 1705 qui

160 1724 358 1789 dominorum
391 1743 511 1791 mensas
544 1727 699 1808 sagaciter
731 1745 792 1791 non
829 1727 1018 1808 relinquunt,
1061 1732 1097 1790 ut
1138 1727 1286 1809 reliquias

161 1826 374 1893 delambentes
396 1845 537 1892 excussas
559 1828 738 1893 aientium
756 1828 908 1894 micarum
922 1829 1092 1913 exiguitate
1106 1834 1286 1912 paseantm.

160 1949 220 1996 nor
251 1929 439 2006 humillima,
471 1933 525 1996 sed
557 1930 634 1996 fides
666 1931 794 2011 excelsa
830 1949 909 2014 quae
940 1930 1005 1997 filia
1031 1930 1150 2013 sospite
1176 1950 1316 1999 usnemu

160 2033 326 2099 transtulit
355 2052 425 2100 mor
450 2035 484 2099 in
505 2051 607 2110 ouem,
630 2034 723 2116 inque
750 2034 890 2099 sentibus
919 2053 993 2099 suae
1017 2036 1122 2119 gentis
1148 2040 1286 2101 exortam

162 2135 295 2202 Hebraei
317 2136 469 2220 graminis
490 2138 567 2202 iecit
587 2137 716 2202 introire
736 2156 791 2221 per
816 2155 942 2220 pascua

110 2264 152 2328 22
207 2256 284 2321 Alta
304 2257 417 2322 dehinc
439 2258 513 2333 iupa
534 2257 651 2323 montis
674 2259 843 2324 ascendens
864 2259 977 2342 populo
1002 2257 1171 2323 comitatus
1196 2260 1286 2324 innu-

163 2377 248 2424 mero
285 2359 373 2424 milia
408 2361 590 2426 claudorum
625 2361 745 2445 pariter
776 2362 808 2426 et
844 2380 1016 2441 caecorum,
1053 2360 1164 2427 surdos
1192 2363 1286 2427 etiam

162 2460 359 2545 leprososque
388 2470 559 2529 conuentus
588 2482 625 2530 ae
651 2464 795 2530 manibus
823 2464 985 2531 inbecilles
1011 2467 1044 2530 et
1064 2464 1213 2549 quicquid
1234 2484 1319 2536 ae·-

162 2582 254 2649 grum
277 2564 367 2651 uulgi
391 2567 589 2649 confluxerat,
610 2586 703 2633 usum
725 2568 909 2635 reformauit
929 2567 961 2633 iu
976 2569 1145 2650 pristinum
1162 2569 1288 2652 suisque

215 2805 228 2857 1
247 2817 297 2858 rnr
315 2817 493 2858 nurerum
510 2818 642 2859 rsrrunns
658 2770 733 2860 rfflr
750 2819 926 2860 mmmm
943 2819 1008 2860 mus
1026 2804 1106 2871 (mbri
1123 2821 1143 2859 u
1154 2822 1193 2860 aa.
1204 2807 1236 2873 2)
1252 2805 1287 2870 R,

161 2887 194 2943 de
212 2889 316 2943 cunctis
339 2890 368 2943 iu
393 2905 504 2959 genesar
527 2888 642 2944 infirmia
659 2892 760 2945 curatis
781 2890 827 2957 H,
861 2890 894 2945 de
912 2889 1048 2945 miraculis
1071 2890 1153 2945 factis
1170 2891 1202 2945 in
1219 2894 1290 2946 terra

162 2974 313 3029 Generaro
415 2976 727 3031 terram—comitantem
743 2975 779 3029 H
878 2974 1065 3045 discipulqu
1091 2982 1156 3045 port
1173 2976 1288 3046 discipu·

164 3078 251 3132 lorum
270 3078 465 3133 lacuerublitt.
479 3080 510 3132 in
528 3078 556 3132 Β
640 3062 735 3134 inau¹
753 3079 781 3133 B
865 3079 1021 3134 3diuersos
1039 3077 1072 3131 Η
1155 3080 1289 3134 sanandas

164 3164 191 3217 P
291 3164 476 3233 congegebaut
493 3168 533 3234 (g,
553 3180 587 3219 ea
604 3163 632 3230 b)
657 3165 685 3219 P
783 3162 919 3219 fimbriam
942 3164 970 3218 P
1070 3162 1168 3219 saitem
1193 3165 1224 3220 Β

162 3250 302 3303 bettacts
319 3247 346 3303 R
442 3248 477 3303 ad
495 3254 597 3303 taceam
615 3249 688 3304 orbis
706 3249 733 3303 P
832 3248 979 3318 teampos
996 3249 1025 3303 P
1124 3250 1289 3321 imagistrs

163 3350 216 3388 non
233 3332 261 3389 P
344 3332 418 3388 nulla
435 3334 463 3388 P
544 3336 705 3389 Scomertio
723 3334 787 3390 bbri
879 3335 913 3389 10
930 3351 966 3390 ns
984 3349 1114 3391 armas
1130 3350 1288 3393 ouum

163 3418 203 3486 It,
239 3418 271 3474 de
290 3434 402 3473 cananae
419 3418 478 3474 filia
494 3436 510 3475 a
528 3419 638 3475 demone
656 3419 774 3474 liberata
790 3422 832 3487 H,
866 3421 1023 3477 Chananeus
1040 3419 1126 3474 filiam
1143 3437 1160 3475 a
1178 3426 1289 3479 uerante

163 3505 260 3575 spiritu
278 3504 453 3560 liberatamu
555 3510 615 3576 pter
632 3506 742 3561 eandem
764 3506 791 3560 P
891 3506 986 3561 itinere
1007 3507 1040 3573 P,
1071 3507 1174 3562 itenera
1192 3510 1228 3565 H

164 3594 194 3646 ll
219 3591 279 3646 fllia
300 3592 333 3655 P,
364 3591 420 3645 tilio
441 3592 483 3646 11¹
506 3607 577 3647 corr.
594 3594 668 3647 Μ
769 3593 878 3646 anxiata
900 3594 1010 3661 scripsi,
1041 3594 1163 3649 ssutists
1186 3596 1290 3664 PM),

161 3680 296 3734 muciatae
315 3678 380 3742 Ha,
410 3679 557 3733 saucitatae
574 3678 615 3745 B,
645 3677 792 3732 sollicitata
809 3679 880 3732 corti.
898 3678 1000 3732 Hurtel
1096 3695 1181 3748 quum
1199 3683 1228 3737 P

163 3770 223 3820 uter
241 3766 277 3834 P,
306 3768 377 3818 aster
395 3769 424 3831 <u
442 3767 526 3833 eras.)
543 3764 577 3818 Η
679 3766 711 3819 12
727 3764 922 3833 exaequandam
939 3765 974 3819 Η
1071 3766 1103 3820 13
1120 3767 1240 3839 reliquid
1257 3769 1291 3837 P,

162 3851 315 3920 relinquent
333 3849 395 3905 RH
479 3852 511 3905 14
523 3850 716 3905 delabenteaP
798 3866 904 3905 excusas
922 3851 949 3905 P
1032 3856 1179 3921 pascuntur
1197 3854 1227 3910 P

164 3940 197 3993 15
214 3938 329 4024 sospitas
346 3937 375 3993 R
460 3939 493 3992 16
510 3937 631 3991 sensibus
649 3937 677 3990 P
762 3937 793 3991 17
812 3952 935 4006 pascuam
949 3937 977 3991 Β
1063 3938 1096 3993 18
1113 3954 1293 3996 nunnmrs

162 4054 362 4096 nsreuonrnre
379 4040 451 4106 ΒΗ,
480 4041 570 4095 millia
582 4044 753 4110 aegrotorum
765 4057 782 4094 a
792 4040 893 4095 morbis
906 4040 1021 4095 liberata
1039 4056 1056 4096 o
1146 4046 1294 4100 comitatur

162 4126 191 4179 Ρ
290 4126 319 4179 in
337 4127 404 4180 miro
423 4127 455 4193 P,
485 4128 624 4180 innumera
641 4125 677 4192 Β,
705 4142 748 4180 ·ro
765 4142 785 4180 s.
804 4125 821 4180 l.
839 4143 873 4179 or.
891 4126 927 4181 ul.
946 4126 974 4180 Β
1076 4125 1110 4182 20
1128 4131 1156 4183 et
1175 4129 1294 4200 leprosos

164 4229 180 4266 o
282 4228 375 4267 manus
394 4213 421 4267 Β
