<?xml version="1.0" encoding="UTF-8"?>
<!DOCTYPE html PUBLIC "-//W3C//DTD XHTML 1.0 Transitional//EN"
    "http://www.w3.org/TR/xhtml1/DTD/xhtml1-transitional.dtd">
<html xmlns="http://www.w3.org/1999/xhtml" xml:lang="en" lang="en">
 <head>
  <title>
</title>
<meta http-equiv="Content-Type" content="text/html;charset=utf-8" />
  <meta name='ocr-system' content='tesseract 3.04.00' />
  <meta name='ocr-capabilities' content='ocr_page ocr_carea ocr_par ocr_line ocrx_word'/>
</head>
<body>
  <div class='ocr_page' id='page_1' title='image "./sedvliioperaomn01remigoog_0408.png"; bbox 0 0 2774 4830; ppageno 0'>
   <div class='ocr_carea' id='block_1_1' title="bbox 590 324 771 392">
    <p class='ocr_par' dir='ltr' id='par_1_1' title="bbox 590 324 771 392">
     <span class='ocr_line' id='line_1_1' title="bbox 590 324 771 392; baseline -0.017 -15"><span class='ocrx_word' id='word_1_1' title='bbox 590 324 771 392; x_wconf 77' lang='lat' dir='ltr'><strong>Appendir.</strong></span> 
     </span>
    </p>
   </div>
   <div class='ocr_carea' id='block_1_2' title="bbox 461 646 896 732">
    <p class='ocr_par' dir='ltr' id='par_1_2' title="bbox 461 646 896 732">
     <span class='ocr_line' id='line_1_2' title="bbox 461 646 896 732; baseline 0.007 -3"><span class='ocrx_word' id='word_1_2' title='bbox 461 646 523 730; x_wconf 86' lang='lat' dir='ltr'><strong>IN</strong></span> <span class='ocrx_word' id='word_1_3' title='bbox 558 648 778 732; x_wconf 84' lang='lat' dir='ltr'><strong>LIBRVll</strong></span> <span class='ocrx_word' id='word_1_4' title='bbox 813 650 896 732; x_wconf 92' lang='lat' dir='ltr'><strong>llll.</strong></span> 
     </span>
    </p>
   </div>
   <div class='ocr_carea' id='block_1_3' title="bbox 9 873 1271 4048">
    <p class='ocr_par' dir='ltr' id='par_1_3' title="bbox 9 873 1271 4048">
     <span class='ocr_line' id='line_1_3' title="bbox 9 873 1243 951; baseline 0.004 -20"><span class='ocrx_word' id='word_1_5' title='bbox 9 905 107 945; x_wconf 48' lang='lat'><strong>„142</strong></span> <span class='ocrx_word' id='word_1_6' title='bbox 162 874 340 932; x_wconf 80' lang='lat' dir='ltr'><strong>Placitae</strong></span> <span class='ocrx_word' id='word_1_7' title='bbox 371 875 399 933; x_wconf 84' lang='grc'><strong>1·</strong></span> <span class='ocrx_word' id='word_1_8' title='bbox 428 873 608 948; x_wconf 86' lang='lat' dir='ltr'><strong>tranquillas.</strong></span> <span class='ocrx_word' id='word_1_9' title='bbox 653 875 766 934; x_wconf 90' lang='lat' dir='ltr'><strong>Iudea</strong></span> <span class='ocrx_word' id='word_1_10' title='bbox 798 877 971 949; x_wconf 87' lang='lat' dir='ltr'><strong>generaliter</strong></span> <span class='ocrx_word' id='word_1_11' title='bbox 1008 894 1130 951; x_wconf 90' lang='lat' dir='ltr'><strong>regnum</strong></span> <span class='ocrx_word' id='word_1_12' title='bbox 1165 894 1243 937; x_wconf 90' lang='lat' dir='ltr'><strong>omne</strong></span> 
     </span>
     <span class='ocr_line' id='line_1_4' title="bbox 115 976 1243 1053; baseline -0.001 -16"><span class='ocrx_word' id='word_1_13' title='bbox 115 980 265 1038; x_wconf 88' lang='lat' dir='ltr'><strong>Iudeorum</strong></span> <span class='ocrx_word' id='word_1_14' title='bbox 288 976 404 1047; x_wconf 83' lang='lat' dir='ltr'><strong>dicitur,</strong></span> <span class='ocrx_word' id='word_1_15' title='bbox 428 976 595 1050; x_wconf 77' lang='lat' dir='ltr'><strong>specialiter</strong></span> <span class='ocrx_word' id='word_1_16' title='bbox 618 992 686 1036; x_wconf 90' lang='lat' dir='ltr'><strong>uero</strong></span> <span class='ocrx_word' id='word_1_17' title='bbox 709 977 763 1037; x_wconf 89' lang='lat' dir='ltr'><strong>illa</strong></span> <span class='ocrx_word' id='word_1_18' title='bbox 785 995 851 1051; x_wconf 88' lang='lat' dir='ltr'><strong>pare</strong></span> <span class='ocrx_word' id='word_1_19' title='bbox 874 980 1043 1047; x_wconf 78' lang='lat' dir='ltr'><strong>meridiana.</strong></span> <span class='ocrx_word' id='word_1_20' title='bbox 1060 981 1091 1039; x_wconf 91' lang='lat' dir='ltr'><strong>iu</strong></span> <span class='ocrx_word' id='word_1_21' title='bbox 1108 997 1169 1053; x_wconf 89' lang='lat' dir='ltr'><strong>qua</strong></span> <span class='ocrx_word' id='word_1_22' title='bbox 1183 981 1243 1039; x_wconf 91' lang='lat' dir='ltr'><strong>erat</strong></span> 
     </span>
     <span class='ocr_line' id='line_1_5' title="bbox 114 1078 1241 1157; baseline 0.003 -18"><span class='ocrx_word' id='word_1_23' title='bbox 114 1080 296 1140; x_wconf 80' lang='lat' dir='ltr'>Hierusalem</span> <span class='ocrx_word' id='word_1_24' title='bbox 326 1081 356 1138; x_wconf 88' lang='grc'><strong>11</strong></span> <span class='ocrx_word' id='word_1_25' title='bbox 382 1078 476 1137; x_wconf 87' lang='lat' dir='ltr'><strong>tribus</strong></span> <span class='ocrx_word' id='word_1_26' title='bbox 506 1080 595 1137; x_wconf 89' lang='lat' dir='ltr'><strong>Iudea</strong></span> <span class='ocrx_word' id='word_1_27' title='bbox 623 1082 652 1138; x_wconf 89' lang='lat' dir='ltr'><strong>et</strong></span> <span class='ocrx_word' id='word_1_28' title='bbox 679 1079 831 1139; x_wconf 78' lang='lat' dir='ltr'><strong>Beniamin</strong></span> <span class='ocrx_word' id='word_1_29' title='bbox 860 1098 923 1141; x_wconf 90' lang='lat' dir='ltr'><strong>oum</strong></span> <span class='ocrx_word' id='word_1_30' title='bbox 952 1083 1029 1141; x_wconf 87' lang='lat' dir='ltr'><strong>tribu</strong></span> <span class='ocrx_word' id='word_1_31' title='bbox 1058 1083 1241 1157; x_wconf 84' lang='lat' dir='ltr'><strong>sacerdotali,</strong></span> 
     </span>
     <span class='ocr_line' id='line_1_6' title="bbox 112 1182 1271 1260; baseline 0.004 -19"><span class='ocrx_word' id='word_1_32' title='bbox 112 1200 186 1257; x_wconf 85' lang='lat' dir='ltr'><strong>quae</strong></span> <span class='ocrx_word' id='word_1_33' title='bbox 209 1183 296 1241; x_wconf 91' lang='lat' dir='ltr'><strong>etiam</strong></span> <span class='ocrx_word' id='word_1_34' title='bbox 318 1183 409 1241; x_wconf 90' lang='lat' dir='ltr'><strong>Iudea</strong></span> <span class='ocrx_word' id='word_1_35' title='bbox 431 1182 603 1255; x_wconf 86' lang='lat' dir='ltr'><strong>appellatur.</strong></span> <span class='ocrx_word' id='word_1_36' title='bbox 649 1182 815 1242; x_wconf 79' lang='lat' dir='ltr'><strong>camelus</strong></span> <span class='ocrx_word' id='word_1_37' title='bbox 837 1201 972 1257; x_wconf 87' lang='lat' dir='ltr'><strong>agraeoo</strong></span> <span class='ocrx_word' id='word_1_38' title='bbox 990 1186 1081 1256; x_wconf 89' lang='lat' dir='ltr'><strong>uenit,</strong></span> <span class='ocrx_word' id='word_1_39' title='bbox 1107 1187 1185 1260; x_wconf 91' lang='lat' dir='ltr'><strong>quod</strong></span> <span class='ocrx_word' id='word_1_40' title='bbox 1199 1190 1271 1247; x_wconf 79' lang='lat' dir='ltr'><strong>ests</strong></span> 
     </span>
     <span class='ocr_line' id='line_1_7' title="bbox 112 1284 1241 1361; baseline 0.003 -16"><span class='ocrx_word' id='word_1_41' title='bbox 112 1287 202 1345; x_wconf 87' lang='lat' dir='ltr'><strong>oamir</strong></span> <span class='ocrx_word' id='word_1_42' title='bbox 224 1284 251 1343; x_wconf 88' lang='lat' dir='ltr'><strong>·i·</strong></span> <span class='ocrx_word' id='word_1_43' title='bbox 273 1301 402 1354; x_wconf 85' lang='lat' dir='ltr'><strong>curuum,</strong></span> <span class='ocrx_word' id='word_1_44' title='bbox 424 1288 468 1343; x_wconf 90' lang='lat' dir='ltr'><strong>eet</strong></span> <span class='ocrx_word' id='word_1_45' title='bbox 489 1285 562 1343; x_wconf 92' lang='lat' dir='ltr'><strong>enim</strong></span> <span class='ocrx_word' id='word_1_46' title='bbox 585 1302 702 1343; x_wconf 84' lang='lat' dir='ltr'><strong>curuum</strong></span> <span class='ocrx_word' id='word_1_47' title='bbox 726 1287 843 1355; x_wconf 85' lang='lat' dir='ltr'><strong>animal,</strong></span> <span class='ocrx_word' id='word_1_48' title='bbox 867 1304 983 1346; x_wconf 87' lang='lat' dir='ltr'><strong>curuum</strong></span> <span class='ocrx_word' id='word_1_49' title='bbox 1006 1291 1035 1348; x_wconf 92' lang='lat' dir='ltr'><strong>et</strong></span> <span class='ocrx_word' id='word_1_50' title='bbox 1057 1288 1241 1361; x_wconf 88' lang='lat' dir='ltr'><strong>gibberosum</strong></span> 
     </span>
     <span class='ocr_line' id='line_1_8' title="bbox 112 1387 1241 1462; baseline 0.002 -14"><span class='ocrx_word' id='word_1_51' title='bbox 112 1393 210 1462; x_wconf 89' lang='lat' dir='ltr'><strong>aptum</strong></span> <span class='ocrx_word' id='word_1_52' title='bbox 238 1388 364 1448; x_wconf 82' lang='lat' dir='ltr'><strong>ferendis</strong></span> <span class='ocrx_word' id='word_1_53' title='bbox 393 1387 538 1447; x_wconf 90' lang='lat' dir='ltr'><strong>oneribus.</strong></span> <span class='ocrx_word' id='word_1_54' title='bbox 583 1388 805 1449; x_wconf 79' lang='lat' dir='ltr'><strong>Fertilitate</strong></span> <span class='ocrx_word' id='word_1_55' title='bbox 828 1390 854 1447; x_wconf 89' lang='lat' dir='ltr'><strong>·i·</strong></span> <span class='ocrx_word' id='word_1_56' title='bbox 878 1391 1088 1451; x_wconf 88' lang='lat' dir='ltr'><strong>habundantia.</strong></span> <span class='ocrx_word' id='word_1_57' title='bbox 1137 1391 1241 1451; x_wconf 87' lang='lat' dir='ltr'><strong>Velle</strong></span> 
     </span>
     <span class='ocr_line' id='line_1_9' title="bbox 112 1491 1240 1564; baseline 0.004 -13"><span class='ocrx_word' id='word_1_58' title='bbox 112 1494 170 1552; x_wconf 92' lang='lat' dir='ltr'><strong>est</strong></span> <span class='ocrx_word' id='word_1_59' title='bbox 192 1491 218 1550; x_wconf 86' lang='lat' dir='ltr'><strong>·i.</strong></span> <span class='ocrx_word' id='word_1_60' title='bbox 241 1491 377 1551; x_wconf 85' lang='lat' dir='ltr'><strong>uoluntas</strong></span> <span class='ocrx_word' id='word_1_61' title='bbox 400 1491 480 1549; x_wconf 90' lang='lat' dir='ltr'><strong>illius</strong></span> <span class='ocrx_word' id='word_1_62' title='bbox 502 1507 573 1564; x_wconf 87' lang='lat' dir='ltr'><strong>opus</strong></span> <span class='ocrx_word' id='word_1_63' title='bbox 596 1492 648 1550; x_wconf 90' lang='lat' dir='ltr'><strong>est.</strong></span> <span class='ocrx_word' id='word_1_64' title='bbox 694 1491 898 1552; x_wconf 85' lang='lat' dir='ltr'><strong>blitesoere</strong></span> <span class='ocrx_word' id='word_1_65' title='bbox 921 1494 948 1551; x_wconf 85' lang='lat' dir='ltr'><strong>·i·</strong></span> <span class='ocrx_word' id='word_1_66' title='bbox 970 1494 1119 1554; x_wconf 85' lang='lat' dir='ltr'><strong>uilesoero.</strong></span> <span class='ocrx_word' id='word_1_67' title='bbox 1158 1496 1240 1555; x_wconf 88' lang='lat' dir='ltr'><strong>Sen-</strong></span> 
     </span>
     <span class='ocr_line' id='line_1_10' title="bbox 111 1593 1238 1660; baseline 0.005 -6"><span class='ocrx_word' id='word_1_68' title='bbox 111 1613 188 1655; x_wconf 90' lang='lat' dir='ltr'><strong>sum</strong></span> <span class='ocrx_word' id='word_1_69' title='bbox 210 1595 238 1653; x_wconf 86' lang='lat' dir='ltr'><strong>·i·</strong></span> <span class='ocrx_word' id='word_1_70' title='bbox 261 1593 452 1653; x_wconf 79' lang='lat' dir='ltr'><strong>substantiam</strong></span> <span class='ocrx_word' id='word_1_71' title='bbox 476 1611 506 1651; x_wconf 84' lang='lat' dir='ltr'><strong>s·</strong></span> <span class='ocrx_word' id='word_1_72' title='bbox 530 1593 685 1654; x_wconf 84' lang='lat' dir='ltr'><strong>auferendo</strong></span> <span class='ocrx_word' id='word_1_73' title='bbox 705 1595 741 1654; x_wconf 85' lang='lat' dir='ltr'><strong>ab</strong></span> <span class='ocrx_word' id='word_1_74' title='bbox 763 1597 805 1653; x_wconf 90' lang='lat' dir='ltr'><strong>eis</strong></span> <span class='ocrx_word' id='word_1_75' title='bbox 821 1595 1043 1656; x_wconf 88' lang='lat' dir='ltr'><strong>sollicitudiuem</strong></span> <span class='ocrx_word' id='word_1_76' title='bbox 1058 1597 1238 1660; x_wconf 88' lang='lat' dir='ltr'><strong>diuitiarum.</strong></span> 
     </span>
     <span class='ocr_line' id='line_1_11' title="bbox 110 1696 1270 1775; baseline 0.003 -18"><span class='ocrx_word' id='word_1_77' title='bbox 110 1699 183 1757; x_wconf 90' lang='lat' dir='ltr'><strong>Hoo</strong></span> <span class='ocrx_word' id='word_1_78' title='bbox 206 1696 441 1771; x_wconf 88' lang='lat' dir='ltr'><strong>impossibile</strong></span> <span class='ocrx_word' id='word_1_79' title='bbox 464 1698 536 1769; x_wconf 84' lang='lat' dir='ltr'><strong>est,</strong></span> <span class='ocrx_word' id='word_1_80' title='bbox 559 1699 592 1754; x_wconf 92' lang='lat' dir='ltr'><strong>ut</strong></span> <span class='ocrx_word' id='word_1_81' title='bbox 608 1696 689 1756; x_wconf 88' lang='lat' dir='ltr'><strong>diues</strong></span> <span class='ocrx_word' id='word_1_82' title='bbox 703 1699 814 1756; x_wconf 88' lang='lat' dir='ltr'><strong>amator</strong></span> <span class='ocrx_word' id='word_1_83' title='bbox 829 1698 995 1759; x_wconf 90' lang='lat' dir='ltr'><strong>diuitiarum</strong></span> <span class='ocrx_word' id='word_1_84' title='bbox 1009 1701 1194 1775; x_wconf 78' lang='lat' dir='ltr'><strong>ingrediatur</strong></span> <span class='ocrx_word' id='word_1_85' title='bbox 1210 1705 1270 1763; x_wconf 80' lang='lat' dir='ltr'><strong>iuro</strong></span> 
     </span>
     <span class='ocr_line' id='line_1_12' title="bbox 111 1801 1240 1879; baseline 0.004 -18"><span class='ocrx_word' id='word_1_86' title='bbox 111 1820 230 1875; x_wconf 91' lang='lat' dir='ltr'><strong>regnum</strong></span> <span class='ocrx_word' id='word_1_87' title='bbox 252 1802 404 1862; x_wconf 83' lang='lat' dir='ltr'><strong>caelorum.</strong></span> <span class='ocrx_word' id='word_1_88' title='bbox 441 1801 488 1858; x_wconf 81' lang='lat' dir='ltr'><strong>nt</strong></span> <span class='ocrx_word' id='word_1_89' title='bbox 510 1801 585 1859; x_wconf 92' lang='lat' dir='ltr'><strong>alto</strong></span> <span class='ocrx_word' id='word_1_90' title='bbox 608 1801 659 1860; x_wconf 91' lang='lat' dir='ltr'><strong>deo</strong></span> <span class='ocrx_word' id='word_1_91' title='bbox 682 1802 820 1876; x_wconf 89' lang='lat' dir='ltr'><strong>possibile</strong></span> <span class='ocrx_word' id='word_1_92' title='bbox 843 1806 888 1862; x_wconf 88' lang='lat' dir='ltr'><strong>est</strong></span> <span class='ocrx_word' id='word_1_93' title='bbox 909 1804 1046 1874; x_wconf 87' lang='lat' dir='ltr'><strong>omneuis‚</strong></span> <span class='ocrx_word' id='word_1_94' title='bbox 1078 1806 1149 1878; x_wconf 90' lang='lat' dir='ltr'><strong>quia</strong></span> <span class='ocrx_word' id='word_1_95' title='bbox 1178 1806 1240 1879; x_wconf 90' lang='lat' dir='ltr'><strong>ipse</strong></span> 
     </span>
     <span class='ocr_line' id='line_1_13' title="bbox 111 1902 1239 1983; baseline 0.002 -17"><span class='ocrx_word' id='word_1_96' title='bbox 111 1907 207 1981; x_wconf 90' lang='lat' dir='ltr'><strong>potest</strong></span> <span class='ocrx_word' id='word_1_97' title='bbox 228 1905 330 1975; x_wconf 86' lang='grc'><strong>111111,</strong></span> <span class='ocrx_word' id='word_1_98' title='bbox 358 1907 388 1962; x_wconf 87' lang='grc'><strong>11</strong></span> <span class='ocrx_word' id='word_1_99' title='bbox 411 1902 492 1962; x_wconf 89' lang='lat' dir='ltr'><strong>diues</strong></span> <span class='ocrx_word' id='word_1_100' title='bbox 514 1902 634 1962; x_wconf 87' lang='lat' dir='ltr'><strong>diuitiae</strong></span> <span class='ocrx_word' id='word_1_101' title='bbox 657 1921 724 1963; x_wconf 86' lang='lat' dir='ltr'><strong>suas</strong></span> <span class='ocrx_word' id='word_1_102' title='bbox 746 1906 920 1979; x_wconf 72' lang='lat' dir='ltr'><strong>pauperibus</strong></span> <span class='ocrx_word' id='word_1_103' title='bbox 943 1906 1054 1966; x_wconf 91' lang='lat' dir='ltr'><strong>tribuat</strong></span> <span class='ocrx_word' id='word_1_104' title='bbox 1076 1912 1107 1965; x_wconf 91' lang='lat' dir='ltr'><strong>et</strong></span> <span class='ocrx_word' id='word_1_105' title='bbox 1130 1924 1239 1983; x_wconf 86' lang='lat' dir='ltr'><strong>pauper</strong></span> 
     </span>
     <span class='ocr_line' id='line_1_14' title="bbox 110 2007 1238 2085; baseline 0.004 -18"><span class='ocrx_word' id='word_1_106' title='bbox 110 2009 206 2067; x_wconf 84' lang='lat' dir='ltr'><strong>lautus</strong></span> <span class='ocrx_word' id='word_1_107' title='bbox 229 2010 311 2066; x_wconf 87' lang='lat' dir='ltr'><strong>deum</strong></span> <span class='ocrx_word' id='word_1_108' title='bbox 333 2009 481 2080; x_wconf 87' lang='lat' dir='ltr'><strong>sequatur.</strong></span> <span class='ocrx_word' id='word_1_109' title='bbox 526 2007 673 2081; x_wconf 81' lang='lat' dir='ltr'><strong>Aerugo</strong></span> <span class='ocrx_word' id='word_1_110' title='bbox 697 2012 727 2066; x_wconf 90' lang='lat' dir='ltr'><strong>et</strong></span> <span class='ocrx_word' id='word_1_111' title='bbox 744 2009 846 2081; x_wconf 81' lang='lat' dir='ltr'><strong>rubigo</strong></span> <span class='ocrx_word' id='word_1_112' title='bbox 862 2008 964 2068; x_wconf 90' lang='lat' dir='ltr'><strong>uitium</strong></span> <span class='ocrx_word' id='word_1_113' title='bbox 979 2012 1024 2068; x_wconf 89' lang='lat' dir='ltr'><strong>est</strong></span> <span class='ocrx_word' id='word_1_114' title='bbox 1039 2010 1238 2085; x_wconf 70' lang='lat' dir='ltr'><strong>metallorum</strong></span> 
     </span>
     <span class='ocr_line' id='line_1_15' title="bbox 110 2110 1237 2186; baseline 0.004 -16"><span class='ocrx_word' id='word_1_115' title='bbox 110 2127 215 2185; x_wconf 80' lang='lat' dir='ltr'><strong>aerugo</strong></span> <span class='ocrx_word' id='word_1_116' title='bbox 237 2128 304 2170; x_wconf 93' lang='lat' dir='ltr'><strong>uero</strong></span> <span class='ocrx_word' id='word_1_117' title='bbox 328 2114 456 2185; x_wconf 85' lang='lat' dir='ltr'><strong>segetum</strong></span> <span class='ocrx_word' id='word_1_118' title='bbox 490 2110 567 2168; x_wconf 87' lang='lat' dir='ltr'><strong>diota</strong></span> <span class='ocrx_word' id='word_1_119' title='bbox 598 2110 634 2168; x_wconf 91' lang='lat' dir='ltr'><strong>ab</strong></span> <span class='ocrx_word' id='word_1_120' title='bbox 658 2128 737 2184; x_wconf 84' lang='lat' dir='ltr'><strong>auro,</strong></span> <span class='ocrx_word' id='word_1_121' title='bbox 768 2129 800 2171; x_wconf 94' lang='lat' dir='ltr'><strong>eo</strong></span> <span class='ocrx_word' id='word_1_122' title='bbox 823 2112 898 2186; x_wconf 89' lang='lat' dir='ltr'><strong>quod</strong></span> <span class='ocrx_word' id='word_1_123' title='bbox 921 2129 1036 2172; x_wconf 87' lang='lat' dir='ltr'><strong>aureum</strong></span> <span class='ocrx_word' id='word_1_124' title='bbox 1060 2113 1185 2175; x_wconf 88' lang='lat' dir='ltr'><strong>oolorem</strong></span> <span class='ocrx_word' id='word_1_125' title='bbox 1209 2118 1237 2175; x_wconf 91' lang='lat' dir='ltr'><strong>in</strong></span> 
     </span>
     <span class='ocr_line' id='line_1_16' title="bbox 109 2214 1267 2293; baseline 0.003 -19"><span class='ocrx_word' id='word_1_126' title='bbox 109 2233 139 2274; x_wconf 90' lang='lat' dir='ltr'><strong>se</strong></span> <span class='ocrx_word' id='word_1_127' title='bbox 161 2217 279 2275; x_wconf 84' lang='lat' dir='ltr'><strong>habeat.</strong></span> <span class='ocrx_word' id='word_1_128' title='bbox 323 2215 436 2274; x_wconf 85' lang='lat' dir='ltr'><strong>Tinea</strong></span> <span class='ocrx_word' id='word_1_129' title='bbox 460 2215 505 2272; x_wconf 88' lang='lat' dir='ltr'><strong>est</strong></span> <span class='ocrx_word' id='word_1_130' title='bbox 526 2216 633 2273; x_wconf 90' lang='lat' dir='ltr'><strong>uermis</strong></span> <span class='ocrx_word' id='word_1_131' title='bbox 656 2214 792 2288; x_wconf 85' lang='lat' dir='ltr'><strong>quioquid</strong></span> <span class='ocrx_word' id='word_1_132' title='bbox 814 2217 938 2275; x_wconf 84' lang='lat' dir='ltr'><strong>conterit</strong></span> <span class='ocrx_word' id='word_1_133' title='bbox 961 2217 1094 2288; x_wconf 83' lang='lat' dir='ltr'><strong>adurens,</strong></span> <span class='ocrx_word' id='word_1_134' title='bbox 1118 2221 1149 2276; x_wconf 89' lang='lat' dir='ltr'><strong>et</strong></span> <span class='ocrx_word' id='word_1_135' title='bbox 1171 2236 1236 2293; x_wconf 90' lang='lat' dir='ltr'><strong>per·</strong></span> <span class='ocrx_word' id='word_1_136' title='bbox 1245 2240 1267 2281; x_wconf 82' lang='grc'><strong>11</strong></span> 
     </span>
     <span class='ocr_line' id='line_1_17' title="bbox 108 2317 1236 2390; baseline 0.006 -15"><span class='ocrx_word' id='word_1_137' title='bbox 108 2319 183 2376; x_wconf 93' lang='lat' dir='ltr'><strong>tinet</strong></span> <span class='ocrx_word' id='word_1_138' title='bbox 205 2317 241 2376; x_wconf 88' lang='lat' dir='ltr'><strong>ad</strong></span> <span class='ocrx_word' id='word_1_139' title='bbox 263 2320 371 2385; x_wconf 85' lang='lat' dir='ltr'><strong>uestes,</strong></span> <span class='ocrx_word' id='word_1_140' title='bbox 394 2334 499 2390; x_wconf 84' lang='lat' dir='ltr'><strong>aerugo</strong></span> <span class='ocrx_word' id='word_1_141' title='bbox 523 2335 590 2377; x_wconf 90' lang='lat' dir='ltr'><strong>uero</strong></span> <span class='ocrx_word' id='word_1_142' title='bbox 606 2320 640 2376; x_wconf 90' lang='lat' dir='ltr'><strong>ad</strong></span> <span class='ocrx_word' id='word_1_143' title='bbox 658 2335 765 2378; x_wconf 87' lang='lat' dir='ltr'><strong>aurum.</strong></span> <span class='ocrx_word' id='word_1_144' title='bbox 806 2318 877 2376; x_wconf 87' lang='lat' dir='ltr'><strong>Neo</strong></span> <span class='ocrx_word' id='word_1_145' title='bbox 896 2319 1090 2379; x_wconf 85' lang='lat' dir='ltr'><strong>famulatur</strong></span> <span class='ocrx_word' id='word_1_146' title='bbox 1105 2322 1133 2380; x_wconf 90' lang='lat' dir='ltr'><strong>·i·</strong></span> <span class='ocrx_word' id='word_1_147' title='bbox 1150 2325 1236 2381; x_wconf 92' lang='lat' dir='ltr'><strong>oboe-</strong></span> 
     </span>
     <span class='ocr_line' id='line_1_18' title="bbox 109 2420 1235 2498; baseline 0.004 -17"><span class='ocrx_word' id='word_1_148' title='bbox 109 2423 162 2495; x_wconf 88' lang='lat' dir='ltr'><strong>dit,</strong></span> <span class='ocrx_word' id='word_1_149' title='bbox 193 2422 261 2495; x_wconf 87' lang='lat' dir='ltr'><strong>quia</strong></span> <span class='ocrx_word' id='word_1_150' title='bbox 283 2422 331 2479; x_wconf 89' lang='lat' dir='ltr'><strong>hio</strong></span> <span class='ocrx_word' id='word_1_151' title='bbox 354 2420 510 2479; x_wconf 87' lang='lat' dir='ltr'><strong>famulatur</strong></span> <span class='ocrx_word' id='word_1_152' title='bbox 532 2438 631 2479; x_wconf 89' lang='lat' dir='ltr'><strong>aurum</strong></span> <span class='ocrx_word' id='word_1_153' title='bbox 655 2421 779 2493; x_wconf 84' lang='lat' dir='ltr'><strong>furibus,</strong></span> <span class='ocrx_word' id='word_1_154' title='bbox 802 2439 865 2481; x_wconf 90' lang='lat' dir='ltr'><strong>oum</strong></span> <span class='ocrx_word' id='word_1_155' title='bbox 888 2441 918 2482; x_wconf 90' lang='lat' dir='ltr'><strong>se</strong></span> <span class='ocrx_word' id='word_1_156' title='bbox 941 2424 1085 2498; x_wconf 88' lang='lat' dir='ltr'><strong>permittit</strong></span> <span class='ocrx_word' id='word_1_157' title='bbox 1116 2424 1235 2485; x_wconf 86' lang='lat' dir='ltr'><strong>auferri.</strong></span> 
     </span>
     <span class='ocr_line' id='line_1_19' title="bbox 108 2523 1235 2601; baseline 0.004 -20"><span class='ocrx_word' id='word_1_158' title='bbox 108 2523 308 2583; x_wconf 80' lang='lat' dir='ltr'><strong>Considera</strong></span> <span class='ocrx_word' id='word_1_159' title='bbox 337 2541 354 2581; x_wconf 93' lang='lat' dir='ltr'><strong>a</strong></span> <span class='ocrx_word' id='word_1_160' title='bbox 384 2525 469 2582; x_wconf 84' lang='lat' dir='ltr'><strong>uerbo</strong></span> <span class='ocrx_word' id='word_1_161' title='bbox 503 2525 564 2583; x_wconf 91' lang='lat' dir='ltr'><strong>sido</strong></span> <span class='ocrx_word' id='word_1_162' title='bbox 598 2524 679 2598; x_wconf 84' lang='lat' dir='ltr'><strong>aidis,</strong></span> <span class='ocrx_word' id='word_1_163' title='bbox 714 2526 860 2584; x_wconf 85' lang='lat' dir='ltr'><strong>considere</strong></span> <span class='ocrx_word' id='word_1_164' title='bbox 883 2526 908 2583; x_wconf 89' lang='lat' dir='ltr'><strong>·i·</strong></span> <span class='ocrx_word' id='word_1_165' title='bbox 931 2527 1065 2586; x_wconf 89' lang='lat' dir='ltr'><strong>residere.</strong></span> <span class='ocrx_word' id='word_1_166' title='bbox 1113 2528 1235 2601; x_wconf 80' lang='lat' dir='ltr'><strong>Vagae</strong></span> 
     </span>
     <span class='ocr_line' id='line_1_20' title="bbox 108 2629 1236 2690; baseline 0.002 -3"><span class='ocrx_word' id='word_1_167' title='bbox 108 2644 218 2687; x_wconf 90' lang='lat' dir='ltr'><strong>auras</strong></span> <span class='ocrx_word' id='word_1_168' title='bbox 243 2629 268 2687; x_wconf 89' lang='lat' dir='ltr'><strong>·i·</strong></span> <span class='ocrx_word' id='word_1_169' title='bbox 292 2644 412 2685; x_wconf 86' lang='lat' dir='ltr'><strong>uacuum</strong></span> <span class='ocrx_word' id='word_1_170' title='bbox 437 2645 541 2687; x_wconf 79' lang='lat' dir='ltr'><strong>aeram.</strong></span> <span class='ocrx_word' id='word_1_171' title='bbox 580 2630 765 2687; x_wconf 86' lang='lat' dir='ltr'><strong>Bethania</strong></span> <span class='ocrx_word' id='word_1_172' title='bbox 785 2629 897 2689; x_wconf 88' lang='lat' dir='ltr'><strong>nioulus</strong></span> <span class='ocrx_word' id='word_1_173' title='bbox 914 2636 958 2690; x_wconf 89' lang='lat' dir='ltr'><strong>est</strong></span> <span class='ocrx_word' id='word_1_174' title='bbox 973 2631 1005 2689; x_wconf 90' lang='lat' dir='ltr'><strong>iu</strong></span> <span class='ocrx_word' id='word_1_175' title='bbox 1020 2632 1113 2690; x_wconf 88' lang='lat' dir='ltr'><strong>latere</strong></span> <span class='ocrx_word' id='word_1_176' title='bbox 1128 2632 1236 2689; x_wconf 88' lang='lat' dir='ltr'><strong>montis</strong></span> 
     </span>
     <span class='ocr_line' id='line_1_21' title="bbox 107 2731 1268 2804; baseline 0.002 -14"><span class='ocrx_word' id='word_1_177' title='bbox 107 2731 205 2790; x_wconf 90' lang='lat' dir='ltr'><strong>olineti</strong></span> <span class='ocrx_word' id='word_1_178' title='bbox 227 2732 306 2790; x_wconf 92' lang='lat' dir='ltr'><strong>mille</strong></span> <span class='ocrx_word' id='word_1_179' title='bbox 329 2731 463 2804; x_wconf 86' lang='lat' dir='ltr'><strong>passibus</strong></span> <span class='ocrx_word' id='word_1_180' title='bbox 487 2731 523 2789; x_wconf 89' lang='lat' dir='ltr'><strong>ab</strong></span> <span class='ocrx_word' id='word_1_181' title='bbox 539 2731 722 2792; x_wconf 84' lang='lat' dir='ltr'><strong>Hierusalem</strong></span> <span class='ocrx_word' id='word_1_182' title='bbox 746 2735 866 2794; x_wconf 79' lang='lat' dir='ltr'><strong>distans,</strong></span> <span class='ocrx_word' id='word_1_183' title='bbox 902 2733 1010 2792; x_wconf 83' lang='lat' dir='ltr'><strong>Ficus</strong></span> <span class='ocrx_word' id='word_1_184' title='bbox 1033 2735 1174 2794; x_wconf 89' lang='lat' dir='ltr'><strong>dioitura</strong></span> <span class='ocrx_word' id='word_1_185' title='bbox 1193 2736 1268 2794; x_wconf 81' lang='lat' dir='ltr'><strong>ie-ro</strong></span> 
     </span>
     <span class='ocr_line' id='line_1_22' title="bbox 107 2834 1235 2912; baseline 0.004 -18"><span class='ocrx_word' id='word_1_186' title='bbox 107 2834 262 2907; x_wconf 87' lang='lat' dir='ltr'><strong>eunditate,</strong></span> <span class='ocrx_word' id='word_1_187' title='bbox 278 2834 433 2907; x_wconf 86' lang='lat' dir='ltr'><strong>aliquando</strong></span> <span class='ocrx_word' id='word_1_188' title='bbox 446 2835 521 2892; x_wconf 90' lang='lat' dir='ltr'><strong>enim</strong></span> <span class='ocrx_word' id='word_1_189' title='bbox 534 2853 648 2908; x_wconf 92' lang='lat' dir='ltr'><strong>pomum</strong></span> <span class='ocrx_word' id='word_1_190' title='bbox 661 2838 802 2895; x_wconf 88' lang='lat' dir='ltr'><strong>maturum</strong></span> <span class='ocrx_word' id='word_1_191' title='bbox 814 2837 911 2906; x_wconf 87' lang='lat' dir='ltr'><strong>habet,</strong></span> <span class='ocrx_word' id='word_1_192' title='bbox 926 2838 1077 2912; x_wconf 88' lang='lat' dir='ltr'><strong>aliquando</strong></span> <span class='ocrx_word' id='word_1_193' title='bbox 1090 2838 1235 2898; x_wconf 80' lang='lat' dir='ltr'><strong>acerbum.</strong></span> 
     </span>
     <span class='ocr_line' id='line_1_23' title="bbox 106 2937 1236 3014; baseline 0.005 -19"><span class='ocrx_word' id='word_1_194' title='bbox 106 2939 273 2997; x_wconf 79' lang='lat' dir='ltr'><strong>Frondea</strong></span> <span class='ocrx_word' id='word_1_195' title='bbox 291 2956 341 3012; x_wconf 88' lang='lat' dir='ltr'><strong>pro</strong></span> <span class='ocrx_word' id='word_1_196' title='bbox 358 2937 494 2997; x_wconf 86' lang='lat' dir='ltr'><strong>frondosa</strong></span> <span class='ocrx_word' id='word_1_197' title='bbox 510 2938 591 2999; x_wconf 85' lang='lat' dir='ltr'><strong>dixit.</strong></span> <span class='ocrx_word' id='word_1_198' title='bbox 615 2941 773 2998; x_wconf 82' lang='lat' dir='ltr'><strong>Frondeum</strong></span> <span class='ocrx_word' id='word_1_199' title='bbox 790 2941 924 3014; x_wconf 84' lang='lat' dir='ltr'><strong>estquod</strong></span> <span class='ocrx_word' id='word_1_200' title='bbox 940 2944 1053 3000; x_wconf 85' lang='grc'><strong>11111111</strong></span> <span class='ocrx_word' id='word_1_201' title='bbox 1069 2959 1104 3000; x_wconf 81' lang='lat' dir='ltr'><strong>ex</strong></span> <span class='ocrx_word' id='word_1_202' title='bbox 1121 2941 1236 3002; x_wconf 82' lang='lat' dir='ltr'><strong>frondi·</strong></span> 
     </span>
     <span class='ocr_line' id='line_1_24' title="bbox 106 3041 1235 3114; baseline 0.005 -16"><span class='ocrx_word' id='word_1_203' title='bbox 106 3041 159 3099; x_wconf 89' lang='lat' dir='ltr'><strong>bus</strong></span> <span class='ocrx_word' id='word_1_204' title='bbox 182 3042 208 3099; x_wconf 91' lang='lat' dir='ltr'><strong>·i·</strong></span> <span class='ocrx_word' id='word_1_205' title='bbox 232 3060 265 3101; x_wconf 86' lang='grc'><strong>11</strong></span> <span class='ocrx_word' id='word_1_206' title='bbox 293 3042 396 3114; x_wconf 84' lang='lat' dir='ltr'><strong>uirgis,</strong></span> <span class='ocrx_word' id='word_1_207' title='bbox 426 3042 499 3098; x_wconf 91' lang='lat' dir='ltr'><strong>unde</strong></span> <span class='ocrx_word' id='word_1_208' title='bbox 522 3042 556 3099; x_wconf 90' lang='lat' dir='ltr'><strong>fit</strong></span> <span class='ocrx_word' id='word_1_209' title='bbox 577 3059 663 3100; x_wconf 88' lang='lat' dir='ltr'><strong>soona</strong></span> <span class='ocrx_word' id='word_1_210' title='bbox 685 3041 712 3099; x_wconf 87' lang='lat' dir='ltr'><strong>·i·</strong></span> <span class='ocrx_word' id='word_1_211' title='bbox 736 3043 940 3113; x_wconf 85' lang='lat' dir='ltr'><strong>umbraculum,</strong></span> <span class='ocrx_word' id='word_1_212' title='bbox 975 3043 1142 3104; x_wconf 75' lang='lat' dir='ltr'><strong>frondosum</strong></span> <span class='ocrx_word' id='word_1_213' title='bbox 1165 3062 1235 3104; x_wconf 89' lang='lat' dir='ltr'><strong>uero</strong></span> 
     </span>
     <span class='ocr_line' id='line_1_25' title="bbox 105 3143 1236 3218; baseline 0.005 -16"><span class='ocrx_word' id='word_1_214' title='bbox 105 3143 181 3217; x_wconf 86' lang='lat' dir='ltr'><strong>quod</strong></span> <span class='ocrx_word' id='word_1_215' title='bbox 204 3144 293 3203; x_wconf 90' lang='lat' dir='ltr'><strong>habet</strong></span> <span class='ocrx_word' id='word_1_216' title='bbox 315 3145 430 3204; x_wconf 86' lang='lat' dir='ltr'><strong>frondes</strong></span> <span class='ocrx_word' id='word_1_217' title='bbox 461 3147 537 3203; x_wconf 88' lang='lat' dir='ltr'><strong>siout</strong></span> <span class='ocrx_word' id='word_1_218' title='bbox 564 3146 657 3203; x_wconf 88' lang='lat' dir='ltr'><strong>arbor.</strong></span> <span class='ocrx_word' id='word_1_219' title='bbox 703 3145 879 3218; x_wconf 83' lang='lat' dir='ltr'><strong>Repperit</strong></span> <span class='ocrx_word' id='word_1_220' title='bbox 908 3147 1086 3205; x_wconf 86' lang='lat' dir='ltr'><strong>esuriens</strong></span> <span class='ocrx_word' id='word_1_221' title='bbox 1115 3165 1148 3205; x_wconf 86' lang='lat' dir='ltr'><strong>·s</strong></span> <span class='ocrx_word' id='word_1_222' title='bbox 1177 3166 1236 3208; x_wconf 91' lang='lat' dir='ltr'><strong>non</strong></span> 
     </span>
     <span class='ocr_line' id='line_1_26' title="bbox 106 3246 1267 3326; baseline 0.008 -22"><span class='ocrx_word' id='word_1_223' title='bbox 106 3246 170 3305; x_wconf 90' lang='lat' dir='ltr'><strong>ideo</strong></span> <span class='ocrx_word' id='word_1_224' title='bbox 194 3248 338 3321; x_wconf 88' lang='lat' dir='ltr'><strong>quaesiuit</strong></span> <span class='ocrx_word' id='word_1_225' title='bbox 361 3249 491 3306; x_wconf 91' lang='lat' dir='ltr'><strong>dominus</strong></span> <span class='ocrx_word' id='word_1_226' title='bbox 515 3248 639 3306; x_wconf 84' lang='lat' dir='ltr'><strong>fructum</strong></span> <span class='ocrx_word' id='word_1_227' title='bbox 662 3249 690 3305; x_wconf 90' lang='lat' dir='ltr'><strong>iu</strong></span> <span class='ocrx_word' id='word_1_228' title='bbox 718 3248 772 3306; x_wconf 84' lang='lat' dir='ltr'><strong>flou</strong></span> <span class='ocrx_word' id='word_1_229' title='bbox 796 3250 841 3308; x_wconf 94' lang='lat' dir='ltr'><strong>uel</strong></span> <span class='ocrx_word' id='word_1_230' title='bbox 858 3250 933 3323; x_wconf 87' lang='lat' dir='ltr'><strong>quod</strong></span> <span class='ocrx_word' id='word_1_231' title='bbox 949 3251 1073 3325; x_wconf 85' lang='lat' dir='ltr'><strong>ignorat,</strong></span> <span class='ocrx_word' id='word_1_232' title='bbox 1089 3252 1159 3326; x_wconf 89' lang='lat' dir='ltr'><strong>qnia&#39;</strong></span> <span class='ocrx_word' id='word_1_233' title='bbox 1176 3270 1267 3314; x_wconf 78' lang='lat' dir='ltr'><strong>nouas</strong></span> 
     </span>
     <span class='ocr_line' id='line_1_27' title="bbox 106 3351 1235 3428; baseline 0.004 -19"><span class='ocrx_word' id='word_1_234' title='bbox 106 3352 170 3409; x_wconf 89' lang='lat' dir='ltr'><strong>erat</strong></span> <span class='ocrx_word' id='word_1_235' title='bbox 191 3352 312 3424; x_wconf 83' lang='lat' dir='ltr'><strong>tempus,</strong></span> <span class='ocrx_word' id='word_1_236' title='bbox 329 3355 358 3408; x_wconf 91' lang='lat' dir='ltr'><strong>et</strong></span> <span class='ocrx_word' id='word_1_237' title='bbox 374 3355 530 3411; x_wconf 87' lang='lat' dir='ltr'><strong>seeundum</strong></span> <span class='ocrx_word' id='word_1_238' title='bbox 546 3351 754 3425; x_wconf 86' lang='lat' dir='ltr'><strong>euangelistam</strong></span> <span class='ocrx_word' id='word_1_239' title='bbox 772 3370 826 3411; x_wconf 89' lang='lat' dir='ltr'><strong>non</strong></span> <span class='ocrx_word' id='word_1_240' title='bbox 844 3355 907 3412; x_wconf 87' lang='lat' dir='ltr'><strong>erat</strong></span> <span class='ocrx_word' id='word_1_241' title='bbox 920 3356 1042 3428; x_wconf 84' lang='lat' dir='ltr'><strong>tempus,</strong></span> <span class='ocrx_word' id='word_1_242' title='bbox 1059 3357 1095 3413; x_wconf 94' lang='lat' dir='ltr'><strong>ut</strong></span> <span class='ocrx_word' id='word_1_243' title='bbox 1111 3357 1235 3416; x_wconf 85' lang='lat' dir='ltr'><strong>haberet</strong></span> 
     </span>
     <span class='ocr_line' id='line_1_28' title="bbox 106 3454 1235 3533; baseline 0.006 -21"><span class='ocrx_word' id='word_1_244' title='bbox 106 3454 238 3512; x_wconf 83' lang='lat' dir='ltr'><strong>fructum.</strong></span> <span class='ocrx_word' id='word_1_245' title='bbox 271 3454 345 3525; x_wconf 85' lang='lat' dir='ltr'><strong>Quid</strong></span> <span class='ocrx_word' id='word_1_246' title='bbox 368 3471 436 3526; x_wconf 90' lang='lat' dir='ltr'><strong>ergo</strong></span> <span class='ocrx_word' id='word_1_247' title='bbox 451 3455 582 3527; x_wconf 83' lang='lat' dir='ltr'><strong>peccauit</strong></span> <span class='ocrx_word' id='word_1_248' title='bbox 606 3457 710 3514; x_wconf 82' lang='lat' dir='ltr'><strong>arbor?</strong></span> <span class='ocrx_word' id='word_1_249' title='bbox 735 3455 825 3530; x_wconf 87' lang='lat' dir='ltr'><strong>Nihil,</strong></span> <span class='ocrx_word' id='word_1_250' title='bbox 851 3458 899 3514; x_wconf 89' lang='lat' dir='ltr'><strong>sed</strong></span> <span class='ocrx_word' id='word_1_251' title='bbox 918 3456 968 3515; x_wconf 87' lang='lat' dir='ltr'><strong>illa</strong></span> <span class='ocrx_word' id='word_1_252' title='bbox 984 3459 1069 3516; x_wconf 86' lang='lat' dir='ltr'><strong>arbor</strong></span> <span class='ocrx_word' id='word_1_253' title='bbox 1084 3458 1235 3533; x_wconf 82' lang='lat' dir='ltr'><strong>significat</strong></span> 
     </span>
     <span class='ocr_line' id='line_1_29' title="bbox 105 3557 1234 3632; baseline 0.005 -17"><span class='ocrx_word' id='word_1_254' title='bbox 105 3574 281 3632; x_wconf 83' lang='lat' dir='ltr'><strong>synagogam</strong></span> <span class='ocrx_word' id='word_1_255' title='bbox 303 3557 464 3629; x_wconf 80' lang='lat' dir='ltr'><strong>Iudeorum‚</strong></span> <span class='ocrx_word' id='word_1_256' title='bbox 489 3559 537 3615; x_wconf 92' lang='lat' dir='ltr'><strong>ubi</strong></span> <span class='ocrx_word' id='word_1_257' title='bbox 561 3559 697 3616; x_wconf 86' lang='lat' dir='ltr'><strong>Dominus</strong></span> <span class='ocrx_word' id='word_1_258' title='bbox 722 3559 832 3616; x_wconf 92' lang='lat' dir='ltr'><strong>nullum</strong></span> <span class='ocrx_word' id='word_1_259' title='bbox 855 3558 978 3617; x_wconf 83' lang='lat' dir='ltr'><strong>fructum</strong></span> <span class='ocrx_word' id='word_1_260' title='bbox 995 3560 1107 3618; x_wconf 90' lang='lat' dir='ltr'><strong>inuenit</strong></span> <span class='ocrx_word' id='word_1_261' title='bbox 1122 3564 1153 3619; x_wconf 96' lang='grc'><strong>11</strong></span> <span class='ocrx_word' id='word_1_262' title='bbox 1170 3563 1234 3623; x_wconf 92' lang='lat' dir='ltr'><strong>ideo</strong></span> 
     </span>
     <span class='ocr_line' id='line_1_30' title="bbox 105 3659 1234 3735; baseline 0.005 -16"><span class='ocrx_word' id='word_1_263' title='bbox 105 3661 251 3720; x_wconf 84' lang='lat' dir='ltr'><strong>maledixit</strong></span> <span class='ocrx_word' id='word_1_264' title='bbox 274 3659 326 3720; x_wconf 88' lang='lat' dir='ltr'><strong>illi.</strong></span> <span class='ocrx_word' id='word_1_265' title='bbox 365 3660 514 3733; x_wconf 87' lang='lat' dir='ltr'><strong>Stipite.</strong></span> <span class='ocrx_word' id='word_1_266' title='bbox 549 3661 644 3734; x_wconf 89' lang='lat' dir='ltr'><strong>Stipes</strong></span> <span class='ocrx_word' id='word_1_267' title='bbox 667 3664 712 3718; x_wconf 91' lang='lat' dir='ltr'><strong>est</strong></span> <span class='ocrx_word' id='word_1_268' title='bbox 735 3660 998 3734; x_wconf 71' lang='lat' dir='ltr'><strong>proprietamus,</strong></span> <span class='ocrx_word' id='word_1_269' title='bbox 1022 3664 1056 3721; x_wconf 90' lang='lat' dir='ltr'><strong>de</strong></span> <span class='ocrx_word' id='word_1_270' title='bbox 1078 3679 1136 3735; x_wconf 88' lang='lat' dir='ltr'><strong>quo</strong></span> <span class='ocrx_word' id='word_1_271' title='bbox 1159 3667 1234 3724; x_wconf 88' lang='lat' dir='ltr'><strong>rami</strong></span> 
     </span>
     <span class='ocr_line' id='line_1_31' title="bbox 104 3763 1269 3838; baseline 0.01 -18"><span class='ocrx_word' id='word_1_272' title='bbox 104 3764 260 3838; x_wconf 82' lang='lat' dir='ltr'><strong>procedunt</strong></span> <span class='ocrx_word' id='word_1_273' title='bbox 283 3782 313 3821; x_wconf 81' lang='lat' dir='ltr'><strong>·s.</strong></span> <span class='ocrx_word' id='word_1_274' title='bbox 337 3764 383 3821; x_wconf 90' lang='lat' dir='ltr'><strong>hio</strong></span> <span class='ocrx_word' id='word_1_275' title='bbox 405 3782 457 3838; x_wconf 94' lang='lat' dir='ltr'><strong>pro</strong></span> <span class='ocrx_word' id='word_1_276' title='bbox 480 3765 539 3820; x_wconf 87' lang='lat' dir='ltr'><strong>tote</strong></span> <span class='ocrx_word' id='word_1_277' title='bbox 562 3765 662 3822; x_wconf 89' lang='lat' dir='ltr'><strong>arbore</strong></span> <span class='ocrx_word' id='word_1_278' title='bbox 684 3763 787 3835; x_wconf 90' lang='lat' dir='ltr'><strong>posuit.</strong></span> <span class='ocrx_word' id='word_1_279' title='bbox 826 3764 930 3823; x_wconf 89' lang='lat' dir='ltr'><strong>Suoie</strong></span> <span class='ocrx_word' id='word_1_280' title='bbox 946 3765 972 3823; x_wconf 87' lang='lat' dir='ltr'><strong>·i·</strong></span> <span class='ocrx_word' id='word_1_281' title='bbox 990 3763 1095 3836; x_wconf 89' lang='lat' dir='ltr'><strong>uirore,</strong></span> <span class='ocrx_word' id='word_1_282' title='bbox 1111 3767 1269 3832; x_wconf 82' lang='lat' dir='ltr'><strong>uiduaroeo</strong></span> 
     </span>
     <span class='ocr_line' id='line_1_32' title="bbox 105 3866 1238 3940; baseline 0.001 -16"><span class='ocrx_word' id='word_1_283' title='bbox 105 3871 150 3924; x_wconf 91' lang='lat' dir='ltr'><strong>eet</strong></span> <span class='ocrx_word' id='word_1_284' title='bbox 178 3866 386 3940; x_wconf 87' lang='lat' dir='ltr'><strong>derelinquere,</strong></span> <span class='ocrx_word' id='word_1_285' title='bbox 418 3867 485 3924; x_wconf 88' lang='lat' dir='ltr'><strong>inde</strong></span> <span class='ocrx_word' id='word_1_286' title='bbox 516 3866 604 3924; x_wconf 84' lang='lat' dir='ltr'><strong>uidua</strong></span> <span class='ocrx_word' id='word_1_287' title='bbox 625 3867 771 3926; x_wconf 89' lang='lat' dir='ltr'><strong>dereliota.</strong></span> <span class='ocrx_word' id='word_1_288' title='bbox 816 3867 877 3926; x_wconf 82' lang='lat' dir='ltr'><strong>Nil</strong></span> <span class='ocrx_word' id='word_1_289' title='bbox 902 3869 1034 3928; x_wconf 83' lang='lat' dir='ltr'><strong>fertile</strong></span> <span class='ocrx_word' id='word_1_290' title='bbox 1057 3872 1238 3932; x_wconf 79' lang='lat' dir='ltr'><strong>nutriti.</strong></span> 
     </span>
     <span class='ocr_line' id='line_1_33' title="bbox 104 3968 1238 4048; baseline 0.009 -22"><span class='ocrx_word' id='word_1_291' title='bbox 104 3968 176 4027; x_wconf 90' lang='lat' dir='ltr'><strong>nihil</strong></span> <span class='ocrx_word' id='word_1_292' title='bbox 214 3971 292 4028; x_wconf 91' lang='lat' dir='ltr'><strong>boni.</strong></span> <span class='ocrx_word' id='word_1_293' title='bbox 336 3969 420 4028; x_wconf 86' lang='lat' dir='ltr'><strong>blodo</strong></span> <span class='ocrx_word' id='word_1_294' title='bbox 456 3968 633 4043; x_wconf 77' lang='lat' dir='ltr'><strong>allegorizet.</strong></span> <span class='ocrx_word' id='word_1_295' title='bbox 678 3968 825 4041; x_wconf 79' lang='lat' dir='ltr'><strong>Allegoria</strong></span> <span class='ocrx_word' id='word_1_296' title='bbox 859 3971 904 4029; x_wconf 90' lang='lat' dir='ltr'><strong>est</strong></span> <span class='ocrx_word' id='word_1_297' title='bbox 941 3970 1074 4040; x_wconf 88' lang='grc'><strong>1111111111,</strong></span> <span class='ocrx_word' id='word_1_298' title='bbox 1115 3979 1238 4048; x_wconf 88' lang='lat' dir='ltr'><strong>quaudo</strong></span> 
     </span>
    </p>
   </div>
   <div class='ocr_carea' id='block_1_4' title="bbox 154 4252 1167 4318">
    <p class='ocr_par' dir='ltr' id='par_1_4' title="bbox 154 4252 1167 4318">
     <span class='ocr_line' id='line_1_34' title="bbox 154 4252 1167 4318; baseline 0.008 -13"><span class='ocrx_word' id='word_1_299' title='bbox 154 4252 342 4318; x_wconf 80' lang='lat' dir='ltr'><strong>dgiberoeum</strong></span> <span class='ocrx_word' id='word_1_300' title='bbox 359 4253 387 4306; x_wconf 85' lang='lat' dir='ltr'><em>A</em></span> <span class='ocrx_word' id='word_1_301' title='bbox 464 4253 620 4307; x_wconf 66' lang='lat' dir='ltr'><strong>deferendo</strong></span> <span class='ocrx_word' id='word_1_302' title='bbox 639 4256 666 4307; x_wconf 79' lang='lat' dir='ltr'><strong><em>A</em></strong></span> <span class='ocrx_word' id='word_1_303' title='bbox 744 4254 777 4306; x_wconf 83' lang='lat'><strong>19</strong></span> <span class='ocrx_word' id='word_1_304' title='bbox 795 4252 913 4307; x_wconf 90' lang='lat' dir='ltr'><strong>uiotulue</strong></span> <span class='ocrx_word' id='word_1_305' title='bbox 930 4255 957 4306; x_wconf 80' lang='lat' dir='ltr'><strong><em>A</em></strong></span> <span class='ocrx_word' id='word_1_306' title='bbox 1027 4254 1063 4308; x_wconf 76' lang='lat'><strong>20</strong></span> <span class='ocrx_word' id='word_1_307' title='bbox 1081 4255 1119 4311; x_wconf 81' lang='lat' dir='ltr'><strong>nd</strong></span> <span class='ocrx_word' id='word_1_308' title='bbox 1137 4261 1167 4313; x_wconf 80' lang='lat' dir='ltr'><strong><em>A</em></strong></span> 
     </span>
    </p>
   </div>
   <div class='ocr_carea' id='block_1_5' title="bbox 0 0 1392 4830">
    <p class='ocr_par' dir='ltr' id='par_1_5' title="bbox 0 0 1392 4830">
     <span class='ocr_line' id='line_1_35' title="bbox 0 0 1392 4830; baseline 0 3"><span class='ocrx_word' id='word_1_309' title='bbox 0 0 1392 4830; x_wconf 95' lang='lat' dir='ltr'><strong> </strong></span> 
     </span>
    </p>
   </div>
  </div>
 </body>
</html>
