2774 4830
428 319 583 374 Paschal.
601 320 724 389 Operis
745 318 815 378 Lib.
833 320 866 376 V.
1146 322 1210 390 297

77 510 189 587 lintea,
214 508 302 574 cuius
332 509 475 574 adiacent
500 507 687 586 uelamenta,
713 508 798 573 circa
819 508 907 574 cuins
930 509 1046 576 residet
1067 510 1210 594 angelica

77 614 182 678 uirtus
205 612 356 677 exuuias?
378 631 417 677 an
441 613 566 677 beatum
596 630 707 694 corpus
730 610 793 691 ille,
817 612 870 694 qui
893 614 1007 696 rapuit,
1023 615 1108 697 prius
1123 616 1209 682 exuit

77 721 110 782 et
136 716 279 792 nudauit,
310 715 438 780 celerius
460 716 632 781 arbitratus
660 717 814 781 detectum
838 735 928 799 posse
954 716 1086 783 subduci
1114 738 1209 802 qnam

78 820 225 903 ligatum,
245 822 325 884 siout
346 819 504 894 manebat,
527 818 652 898 auferri,
676 837 747 884 cum
770 820 811 884 sit
833 840 921 886 mora
942 820 1033 886 furtis
1047 822 1210 903 rapacibus

53 923 210 988 sinimica
231 924 427 1005 potueritque
443 924 565 987 cautius
581 926 612 987 et
627 922 760 987 latenter
782 942 854 988 cnm
867 925 932 988 suis
947 943 1067 1008 qnoque
1084 925 1210 990 Domini

80 1026 271 1090 uelamentis
300 1025 426 1090 auferri.
459 1028 627 1090 mentita
661 1028 724 1090 est
755 1026 956 1109 iniquitas
986 1028 1073 1093 sibi.
1113 1027 1210 1094 habet

77 1131 186 1194 tamen
210 1129 273 1194 ista
294 1148 344 1195 res
366 1127 500 1213 gratiam
526 1129 650 1213 figurati
673 1147 783 1193 sensus
800 1129 966 1214 egregiam.
1003 1132 1128 1197 Iudaeis
1144 1134 1210 1198 eto·

78 1232 146 1297 nim
180 1232 340 1299 Christum
376 1233 561 1314 spiritaliter
590 1236 716 1297 constat
748 1234 899 1311 ablatum,
934 1252 1026 1316 quem
1056 1252 1112 1298 nos
1142 1236 1210 1300 tcta

78 1337 197 1401 mentis
228 1338 261 1400 et
288 1337 425 1418 pectoris
447 1336 614 1400 deuotione
636 1338 803 1417 portamus.
842 1338 965 1421 plange,
989 1338 1115 1416 Iudaea,
1137 1341 1209 1402 tuos

40 1468 68 1506 ιο
78 1439 189 1521 itaque
210 1444 395 1517 sacerdotes,
419 1440 533 1522 plange
556 1439 715 1503 ministros
739 1443 770 1503 et
792 1440 951 1522 populum,
975 1458 1053 1522 qrrac
1067 1458 1122 1522 pro
1138 1442 1210 1506 tan·

78 1544 121 1607 tis
145 1544 268 1609 deserta
290 1544 417 1627 flagitiis
441 1544 586 1609 uoniam
610 1544 686 1607 tuba
708 1543 868 1624 gaudebis,
896 1562 957 1608 non
983 1546 1079 1609 unctu
1103 1544 1209 1609 firma·

78 1647 173 1721 beris,
204 1665 266 1711 non
300 1647 457 1711 sacrificiis
491 1646 668 1730 perfrueris.
707 1647 795 1710 ouius
824 1666 877 1731 spe
911 1665 1046 1729 namque
1078 1647 1209 1713 uirtutis

77 1749 140 1814 tibi
168 1749 247 1815 tuba
272 1750 466 1832 portabitur,
496 1768 568 1814 cum
598 1769 703 1831 regem
735 1750 843 1815 uideas
864 1750 1112 1833 interemptum?
1139 1749 1210 1832 quis

78 1855 196 1918 unctus
219 1855 302 1919 ultra
323 1854 388 1918 iam
411 1854 546 1927 dabitur,
570 1870 644 1917 cum
673 1852 772 1935 ipsius
793 1856 908 1918 unctus
926 1853 1068 1919 amiseris
1089 1852 1210 1936 princi·

41 1959 216 2039 spatum?
238 1976 316 2039 quae
340 1957 470 2022 uictima
492 1957 630 2033 ferietur,
653 1974 724 2020 curn
748 1957 882 2022 uictima
904 1956 1001 2021 suerit
1023 1962 1128 2038 pastor
1142 1957 1210 2037 ipse

80 2061 264 2124 mactatus?
301 2059 442 2125 discedat
477 2076 634 2142 synagoga
671 2058 793 2142 proprio
829 2059 892 2124 iam
932 2060 1033 2125 colore
1070 2059 1208 2123 fuscata:

69 2160 227 2251 ¹Christus
248 2161 309 2228 sibi
332 2163 494 2245 pulchram
516 2163 608 2226 niueo
636 2163 743 2227 decore
769 2161 901 2228 sociauit
923 2162 1095 2227 ecclesiam.
1132 2161 1261 2231 hacozt

79 2266 229 2331 honorem
262 2265 382 2330 Mariae
416 2265 592 2347 praesentat
625 2271 657 2329 et
691 2265 835 2348 gloriam,
870 2285 958 2349 qnae,
981 2264 1106 2331 Domini
1136 2284 1209 2331 oum

81 2367 227 2433 claritate
248 2368 412 2450 perspicua
434 2387 555 2450 sempor
577 2370 678 2431 mater
701 2387 766 2433 esso
789 2373 940 2447 comatur,
966 2386 1090 2453 semper
1104 2372 1209 2435 tamen

40 2472 171 2553 aonirgo
199 2471 398 2554 conspicitur.
436 2471 510 2535 huic
537 2489 604 2535 sess
632 2471 783 2535 Dominus
817 2471 888 2536 ilico
917 2476 987 2556 post
1016 2472 1211 2555 triumphum

183 2709 199 2763 6
217 2709 290 2764 Psal.
307 2708 351 2776 26,
371 2710 403 2764 12

131 2933 148 2986 2
172 2932 206 2985 ad
225 2929 348 2986 excubias
373 2930 418 2999 (ad
435 2947 456 2985 s.
476 2930 493 2984 l.
511 2948 546 2985 m.
564 2934 592 2999 2)
616 2932 658 2999 B,
687 2933 796 2987 exuuias
814 2947 848 2987 ex
865 2931 988 2987 excubias
1011 2933 1056 2997 Η,
1086 2932 1210 2986 canusiae

76 3020 127 3081 (uu
154 3033 189 3071 m.
215 3016 251 3071 ul.
277 3018 310 3071 in
334 3025 402 3079 rus.)
429 3017 456 3069 Β
560 3018 644 3071 exiuit
671 3018 725 3071 ΡΒ
731 3059 740 3087 ‚
773 3019 860 3073 creuit
886 3018 920 3073 Η
1018 3019 1036 3073 3
1062 3018 1211 3071 aruitratna

80 3103 108 3156 P
210 3102 228 3156 4
250 3102 360 3173 auferri]
383 3104 509 3172 sequitur
525 3118 627 3157 rasura
644 3102 763 3158 duorum
780 3119 914 3169 casuum,
932 3104 1039 3160 incerto
1055 3104 1212 3158 litterarum

78 3189 198 3260 uestigia
215 3188 306 3244 adhuc
322 3194 432 3243 cartam
449 3188 485 3242 Η
578 3188 704 3243 manebat
722 3189 821 3244 auferri
839 3192 954 3245 mentita
971 3207 987 3246 o
1090 3191 1106 3244 5
1124 3188 1212 3244 cautis

79 3308 109 3362 r
193 3307 276 3376 anisrp
293 3307 322 3362 Ρ
407 3272 620 3377 osnlqlar
706 3308 1039 3377 tpoeruaeamun
1124 3309 1211 3378 opse-

78 3411 156 3480 toria]
175 3413 291 3480 corporis
308 3410 336 3465 P
422 3412 526 3479 portam
545 3411 580 3473 P,
607 3414 744 3479 portamus
761 3426 797 3466 aa
813 3427 870 3467 rus.
888 3412 930 3467 H‘
1017 3413 1048 3467 11
1068 3411 1210 3482 gautlebis]

77 3495 222 3564 clangebas
232 3512 285 3550 non
296 3497 390 3550 iuncta
401 3496 551 3551 firmaueris
563 3496 592 3551 P
685 3499 766 3551 uncto
785 3497 864 3552 HBo
955 3504 1020 3553 aare
1036 3498 1104 3553 tuba
1120 3515 1176 3554 rua.
1193 3504 1210 3553 1

76 3583 130 3637 tire.
157 3582 199 3648 Β,
230 3588 294 3651 post
316 3582 395 3647 tuba,
420 3582 473 3636 tibi
496 3598 517 3638 s.
535 3583 554 3637 t.
578 3583 606 3637 Β
712 3584 745 3638 12
771 3585 894 3654 namque]
922 3600 1086 3654 poenamque
1112 3585 1144 3640 Η

80 3685 114 3739 13
137 3685 300 3754 incomptum
323 3684 351 3739 P
459 3684 491 3738 14
516 3688 614 3740 unctus
637 3686 691 3740 iam
715 3687 790 3741 ultra
813 3704 830 3742 o
936 3688 1028 3742 uncti·
1050 3687 1090 3752 Β,
1122 3690 1210 3743 unctis

79 3789 162 3854 Pur„
191 3788 269 3842 uncti
290 3787 363 3843 Gall.
376 3788 459 3843 Areo.
549 3789 849 3859 principatuum.)
868 3790 896 3844 P
987 3790 1020 3844 15
1037 3776 1082 3859 q‘s·
1100 3790 1144 3845 H*

81 3894 114 3948 16
138 3893 269 3961 sinagoga
291 3890 356 3945 titre·
459 3892 491 3945 l‘l
516 3892 637 3947 eclesiam
662 3893 689 3947 P
789 3908 861 3947 aare
883 3882 953 3947 scii?
972 3908 1085 3948 uanus
1103 3906 1211 3949 nrnrnrs

80 3996 122 4063 R,
151 4012 203 4051 ora.
221 3995 256 4049 H
357 3994 391 4048 18
407 3994 505 4050 honere
524 3995 551 4048 P
651 3995 767 4050 Mariae·
785 4000 808 4063 (r
827 3998 909 4063 eruc)
932 3996 965 4050 11
1065 3998 1211 4064 praeeant

78 4088 123 4150 (an
136 4083 215 4148 eras.)
234 4081 270 4136 Η
360 4084 480 4148 praestat
497 4080 532 4136 ad
549 4082 662 4152 gloriam
680 4081 729 4138 Bc
827 4082 947 4152 Domini]
966 4098 1017 4138 om.
1036 4081 1144 4138 PHBo

81 4170 114 4225 19
132 4167 300 4236 conspicuam
319 4167 352 4232 P,
384 4167 525 4236 prospicua
547 4168 601 4223 Hc
698 4184 827 4239 ..sempor
844 4168 906 4234 (stt
924 4172 1006 4235 erus.)
1029 4169 1064 4223 H
1157 4186 1213 4225 ccr-

78 4257 155 4310 nitur
178 4254 213 4307 H
310 4252 347 4307 20
363 4253 429 4322 sese]
448 4269 498 4308 om.
515 4252 544 4308 Β
647 4253 730 4309 hilion
749 4254 776 4308 P
875 4253 1089 4324 postrinmphum
1113 4256 1147 4310 H
