2774 4830
428 332 587 403 Epistola
604 331 644 387 sd
662 330 904 387 Macedonium.
1169 333 1230 399 173

101 524 199 589 nullis
222 522 370 605 explicari
385 522 500 607 linguis
523 523 684 589 eualeant:
707 523 753 589 sic
775 526 806 589 et
828 523 928 589 nostri
951 540 1077 608 prorsus
1099 523 1138 588 ab
1160 540 1227 589 sese

100 626 205 691 libelli
227 644 286 691 non
311 627 499 709 discrepant,
528 626 583 690 sed
607 644 686 708 quae
708 626 869 692 defuerant
892 626 1001 711 primis
1023 626 1132 693 addita
1154 630 1227 691 sunt

99 730 254 794 secundis.
278 747 335 794 noo
353 731 487 811 impares
509 732 693 813 argumento
711 731 762 796 uel
778 731 894 810 ordine,
918 731 972 796 sed
988 730 1061 795 stilo
1081 730 1228 795 uidentur

99 835 133 898 et
161 833 299 899 oratione
329 834 508 899 dissimiles.
547 834 705 917 proferant
744 834 841 918 igitur
870 854 927 900 sua
962 835 990 898 si
1018 833 1072 915 qui
1101 850 1227 915 carpere

76 940 240 1003 enitentur
269 939 379 1005 aliena.
410 937 587 1021 promptius
611 944 657 1003 est
683 939 825 1004 omnibus
850 939 987 1004 iudicare
1010 958 1104 1023 qnam
1126 935 1227 1001 facere

98 1044 191 1107 etde
220 1042 368 1108 castrensi
396 1044 568 1107 munimine
596 1042 806 1125 pugnantium
835 1043 974 1126 pericula
1002 1059 1108 1108 securo
1132 1040 1226 1105 uultu

98 1147 282 1227 conspicere.
307 1149 397 1212 credo
420 1148 535 1224 tamen,
564 1150 652 1229 pater
673 1148 807 1230 egregie,
837 1148 959 1212 nullum
987 1146 1052 1212 fore
1081 1143 1224 1229 quamuis

98 1249 284 1330 inpudenter
306 1250 483 1332 obloquum,
506 1249 534 1313 si
551 1266 691 1313 meruero
714 1249 857 1314 dextrum
883 1250 930 1313 tui
946 1250 1078 1331 pectoris
1093 1247 1224 1331 adipisci

97 1351 261 1415 iudicium.
287 1353 358 1418 saue
381 1356 500 1436 primus
529 1357 565 1417 ut
594 1353 651 1417 alii
679 1352 815 1435 faueant,
845 1356 877 1417 et
898 1353 1040 1419 omnium
1062 1352 1220 1418 mentibus

62 1458 255 1519 resententia
278 1476 310 1521 se
334 1458 481 1538 probatae
503 1456 619 1541 iugiter
641 1456 835 1521 auctoritatis
850 1456 1004 1522 infundat.
1028 1462 1063 1521 tu
1079 1456 1172 1522 iacies
1186 1458 1224 1521 nt

95 1557 233 1623 delectet
255 1561 388 1626 euasisse
404 1560 595 1639 discrimina,
615 1580 685 1625 cum
700 1561 835 1626 serenior
850 1561 985 1643 coeperis
1001 1561 1121 1642 aperire
1137 1565 1222 1625 tran·

96 1661 206 1743 quilla.
232 1665 380 1746 nauigaui
404 1662 490 1744 prius
508 1664 540 1727 in
556 1682 699 1746 aequore,
723 1665 854 1729 nuncin
870 1664 1041 1746 portulam
1055 1664 1220 1746 nauigem;

95 1765 224 1829 tandem
269 1767 433 1848 aliqnando
468 1768 538 1851 post
571 1768 672 1831 undas
706 1768 824 1831 calcare
859 1768 953 1833 liceat
987 1786 1042 1832 nos
1074 1769 1223 1833 harenas!

93 1868 261 1950 tetigimus
296 1872 416 1934 montes
449 1889 485 1934 er
518 1871 642 1952 pelago:
677 1870 842 1954 tangamus
874 1872 996 1937 montes
1025 1890 1060 1935 er
1089 1889 1161 1935 saxo
1189 1874 1224 1935 ot

57 1969 236 2038 rsinfirmos
263 1972 353 2056 aquis
377 1973 574 2039 inruentibus
595 1992 721 2056 gressus
745 1974 850 2038 nauali
871 1976 988 2056 positos
1010 1975 1146 2039 statione
1168 1974 1221 2040 lir-

92 2094 228 2141 memus
263 2077 383 2160 priores
407 2078 504 2161 igitur
527 2076 610 2157 libri,
635 2077 707 2160 quia
736 2098 828 2143 uersu
851 2078 968 2162 digesti
994 2082 1077 2154 sunt,
1106 2095 1221 2141 noman

94 2194 282 2244 Pescnnnrs
305 2198 467 2245 crunnum
489 2186 683 2265 acceperunt,
716 2185 879 2263 sequentes
905 2184 1012 2246 autem
1039 2180 1072 2245 in
1098 2197 1221 2262 prosam

92 2282 185 2346 nulla
199 2301 306 2347 cursus
329 2285 481 2348 uarietate
505 2284 652 2363 conuersi,
675 2300 861 2350 nmscnnnrs
880 2284 1085 2367 designantur
1099 2296 1220 2347 ornere

92 2383 245 2450 uocabulo
268 2388 445 2469 nuncupati.
470 2388 635 2470 utramque
658 2406 732 2453 nero
754 2389 917 2452 materiem
942 2387 1029 2453 uobis
1050 2386 1221 2469 orantibus,

198 2598 215 2651 3
232 2598 264 2653 cl.
277 2598 389 2652 Terent.
407 2599 490 2653 Andr.
508 2599 574 2668 prol.
589 2599 703 2667 11-12,
742 2600 849 2656 Hieron.
868 2600 916 2669 Ep.
930 2599 1009 2655 LVII
1026 2616 1051 2669 p.
1064 2600 1115 2655 305
1132 2599 1204 2657 Vall.

148 2794 159 2846 l
179 2794 317 2864 explicaro]
336 2796 430 2863 aeci
448 2796 487 2851 12²
500 2811 534 2851 ex
545 2812 615 2851 corr.
711 2797 814 2867 linguis
832 2804 856 2863 (s
874 2814 936 2851 oen.
949 2800 980 2865 2)
999 2799 1027 2851 P
1122 2796 1222 2851 anale-

91 2900 142 2951 ant
153 2900 176 2964 (e
190 2904 268 2961 eros.)
283 2900 316 2961 P,
342 2899 460 2953 tualeant
471 2900 510 2964 Η,
529 2902 637 2955 ualeant
649 2916 665 2955 v
746 2888 811 2955 abee
823 2901 857 2965 R,
880 2916 910 2953 ea
922 2915 976 2954 sese
989 2900 1017 2965 (ln
1030 2903 1110 2965 crus.)
1122 2900 1157 2954 H

90 2984 110 3037 2
128 2984 248 3037 addita--
262 2990 302 3049 (ta
314 2990 393 3050 crue.)
412 2985 440 3038 P
528 2987 545 3041 3
562 2987 671 3055 inpares
689 2987 724 3040 H
806 2986 973 3055 argumento]
992 3002 1007 3037 o
1026 3001 1096 3041 corr.
1114 2986 1153 3039 P¹

90 3070 109 3122 5
127 3070 251 3123 nituntur
268 3070 325 3133 Ro,
353 3072 468 3125 niteatur
484 3072 519 3126 ΙΙ
605 3078 667 3141 post
685 3076 727 3127 est
743 3088 799 3127 rae.
818 3073 900 3141 (enim
907 3072 932 3140 1)
949 3074 982 3127 ia
1000 3073 1034 3126 H
1121 3070 1221 3127 iecere·

91 3154 144 3208 Sed
157 3155 189 3209 de
202 3162 226 3224 (t
238 3162 318 3223 erres.)
336 3158 364 3211 P
454 3157 624 3213 bmnnie-ne
642 3158 681 3223 Η,
707 3158 860 3213 munima]
944 3157 1133 3227 pugnantium]
1149 3172 1219 3212 eras.

90 3241 143 3307 11¹,
172 3258 222 3296 om.
250 3259 265 3295 c
369 3244 384 3297 7
411 3245 532 3315 egregiae
560 3250 587 3309 (a
610 3248 692 3311 erae.)
721 3246 756 3299 ΙΙ
862 3246 880 3299 8
906 3243 1076 3312 impudenter
1103 3243 1153 3299 Ro

88 3328 212 3382 oblocnm
225 3329 260 3395 P,
284 3328 421 3398 obliquum
434 3330 470 3393 R,
493 3330 648 3399 obloquium
660 3348 691 3397 v,
711 3346 769 3385 ras.
783 3330 814 3384 ire
826 3330 859 3383 H
951 3330 1004 3399 tui]
1017 3344 1087 3384 erus.
1099 3329 1149 3396 11¹,
1168 3344 1219 3385 om.

93 3432 108 3468 e
194 3415 330 3484 9prirnn-
345 3416 383 3481 Η,
410 3416 560 3484 primnmv
650 3416 683 3471 10
695 3418 840 3470 sententias
853 3413 1113 3485 repbaP(rcpbste
1124 3415 1156 3468 ia
1167 3431 1220 3485 rap.

88 3500 156 3555 add.
174 3518 207 3555 m.
226 3504 268 3567 2),
299 3504 432 3557 sententia
447 3503 588 3571 reprobate
609 3503 650 3568 R,
681 3520 701 3557 s.
721 3502 859 3571 reprobate
882 3502 913 3555 H
1016 3501 1098 3555 iacias
1121 3500 1156 3554 H

92 3588 121 3639 ll
143 3586 254 3641 dilectet
271 3588 302 3641 H
400 3588 433 3642 12
450 3590 622 3659 nauiga:!;'.:..··‚³l
640 3604 736 3657 equore
753 3590 789 3643 H
881 3588 1009 3657 nauigare
1027 3604 1118 3643 rursus
1136 3602 1152 3640 o

89 3680 215 3798 usgigem
238 3708 266 3763 P
368 3726 438 3765 nuuc
462 3710 490 3764 in
514 3714 592 3780 portu
616 3710 671 3766 iam
694 3711 831 3781 nauigem]
855 3711 942 3766 locum
962 3712 1074 3765 luceius
1090 3710 1220 3765 asteriaco

90 3814 197 3868 reolcrait
297 3814 329 3868 13
347 3814 463 3868 Tandem
482 3814 625 3885 aliqnando
643 3818 704 3885 post
723 3815 806 3869 undas
824 3816 925 3869 calcare
943 3814 1031 3869 liceat
1059 3828 1108 3866 nos
1125 3828 1219 3867 arenae

88 3900 230 3968 tetigimus
253 3906 357 3955 montes
382 3918 412 3955 ex
437 3902 539 3971 pelago.
571 3902 725 3972 Tangamns
742 3906 792 3957 otc.
815 3902 869 3957 Col.
889 3902 973 3965 Par.;
1002 3900 1101 3954 calcare
1122 3898 1217 3963 licoat3

88 4004 142 4039 non
160 4002 253 4041 arenas
273 3987 345 4043 Gall.
359 3988 390 4042 ia
403 3994 487 4055 tecte,
521 4004 543 4041 c.
561 3988 642 4041 liceat
660 4004 707 4042 nos
725 4004 816 4043 arenas
834 3987 881 4059 qui
899 3985 1040 4057 tetigimus
1058 4000 1094 4039 m.
1108 4000 1131 4038 e.
1142 4000 1169 4053 p.
1186 3984 1219 4039 ia

88 4072 156 4127 cedre.
260 4074 292 4127 14
310 4091 340 4128 ex
358 4076 430 4143 saro]
449 4091 462 4128 s
480 4092 498 4128 a
516 4090 550 4129 m.
569 4076 589 4127 2
607 4073 635 4127 P
737 4074 769 4127 15
787 4072 952 4129 irruentibus
969 4070 1019 4126 ae
1115 4068 1217 4139 nauali]

88 4210 159 4247 naue
188 4194 223 4247 H
329 4194 361 4247 lo
387 4160 457 4263 ῳιΙ-ει
483 4195 511 4251 R
615 4196 648 4251 18
673 4194 777 4249 nullam
803 4196 837 4249 H
932 4209 1011 4264 prosa
1032 4192 1108 4247 nulls
1135 4210 1150 4248 o

88 4282 121 4333 lll
140 4282 229 4333 utram
246 4280 307 4336 RH
408 4281 578 4350 materiali,
608 4281 722 4335 materia
739 4282 773 4335 H
