2774 4830
114 334 178 401 350
584 327 767 399 Appendin

114 528 224 600 patrem
245 528 411 595 uocauerat,
433 478 585 598 respondit
606 523 634 583 ei
655 529 747 599 pater.
775 522 821 581 Ita
842 537 898 581 nor
919 537 978 581 non
999 519 1057 581 init
1080 518 1128 579 dei
1150 518 1240 594 putris

114 628 355 697 substantialiter,
379 627 456 687 eicnt
470 625 601 687 colomba
618 644 677 686 non
694 625 751 686 luit
765 625 893 700 Spiritus
909 626 1026 685 senoina
1042 640 1097 685 nac
1119 641 1156 701 ex
1178 621 1239 683 aliis

113 731 250 792 columbis
272 732 419 805 generata,
447 730 497 790 seo
516 746 549 790 ex
572 745 646 804 aare,
674 729 718 787 ita
740 729 798 789 ista
819 744 875 788 nor
897 743 956 787 non
977 726 1033 787 init
1054 726 1151 803 patris
1173 725 1239 787 sut·

112 833 302 912 stantialitor,
335 833 387 894 sed
421 832 536 907 signum
570 834 603 891 nl
631 832 875 893 demonstraretur
909 828 1041 890 Christos
1071 828 1153 891 filins
1185 814 1238 891 ‹le'u

6 958 102 1001 ‚roua
112 940 255 1009 Annua,
278 953 351 1010 quae
367 934 490 1010 singulis
506 936 591 997 annis
607 934 788 1007 celebrabat;
811 950 909 994 annua
926 934 954 993 ·i·
969 932 1161 1008 uniuersalis,
1175 932 1240 1008 qnia
1257 946 1268 987 c

111 1057 169 1100 nno
197 1055 307 1115 quoqne
336 1055 411 1098 anuo
440 1037 468 1097 in
501 1054 597 1098 mense
623 1038 715 1113 primo
739 1038 765 1097 ·i·
787 1037 894 1111 Aprili,
924 1035 974 1111 qni
995 1037 1132 1096 hebraice
1158 1035 1240 1096 nisan

111 1144 239 1214 uocatur,
262 1142 337 1215 apud
359 1141 464 1200 Indaos
485 1141 595 1215 pascha
617 1139 790 1202 celebratur.
824 1140 863 1199 itt
886 1140 1044 1212 sciendum,
1068 1139 1140 1213 qnia
1161 1138 1240 1200 Indoi

110 1262 169 1306 non
192 1246 337 1304 habebant
365 1244 538 1320 computum,
567 1244 618 1304 sod
641 1260 694 1317 per
715 1242 792 1302 XXX
814 1243 877 1304 dios
900 1242 1090 1303 numerabant
1113 1259 1239 1303 mansan

109 1349 141 1409 et
162 1348 268 1409 lunam.
304 1345 403 1406 Prima
424 1347 470 1408 oio
492 1347 598 1407 mansis
620 1347 766 1407 iaciebant
788 1346 908 1422 primam
931 1347 1039 1425 lunam,
1062 1346 1176 1407 decima
1197 1346 1240 1408 ule

109 1450 257 1524 decimam,
281 1452 384 1526 quartu
406 1450 516 1509 decima
539 1451 584 1510 die
607 1452 739 1525 quartam
755 1449 894 1510 decimam
909 1453 940 1510 at
954 1451 1024 1509 tuuc
1039 1448 1268 1510 immolabatnrro

108 1570 204 1627 agnus
226 1555 257 1613 et
278 1553 366 1612 fiebat
386 1553 505 1627 pascha.
549 1553 600 1615 Ex
627 1570 723 1613 more
747 1555 775 1613 ·i·
798 1554 827 1611 in
853 1553 1023 1614 comodendo
1045 1568 1157 1626 agnum
1178 1570 1240 1614 oum

108 1657 169 1717 eois
199 1658 349 1733 discipulis
384 1656 539 1719 secundnm
568 1657 806 1718 consuetudinem
839 1657 1000 1716 Indeornm.
1045 1656 1238 1717 Humilem

107 1760 233 1821 Humilis
255 1761 360 1821 dicitnr
386 1761 468 1834 quasi
495 1760 632 1823 adclinis.
677 1760 924 1835 Sepulchrum
952 1761 1035 1820 albae
1061 1759 1173 1821 formae
1196 1762 1240 1821 aet

108 1863 223 1937 deforis,
254 1864 336 1925 intua
358 1879 426 1925 noro
448 1864 631 1939 corruptione
660 1865 775 1938 plenum
800 1866 988 1936 mortuorum,
1011 1862 1120 1923 elicitur
1142 1868 1238 1924 autam

106 1967 290 2043 sepulchrum
321 1967 404 2041 quusi
437 1967 499 2027 sine
527 1967 614 2041 pulsu
637 1967 665 2026 .i·
688 1967 751 2028 sine
778 1967 858 2029 llatn.
902 1965 1015 2027 Liuor
1048 1966 1167 2042 propria
1194 1970 1267 2027 estu

107 2074 201 2131 tumor
229 2071 390 2145 plagarum,
420 2069 573 2142 aliqnando
603 2072 699 2131 antem
727 2086 779 2145 pro
801 2069 914 2130 inuidia
934 2070 1052 2144 ponitur
1073 2070 1110 2128 nt
1132 2069 1163 2128 in
1185 2070 1238 2130 lroc

106 2172 178 2235 loco.
223 2173 358 2233 Pactus
381 2171 409 2230 ·i·
430 2172 612 2247 promittens,
646 2172 793 2247 pollicens.
827 2172 962 2233 Patiscus
990 2172 1046 2233 dno
1078 2174 1238 2248 praeterite

106 2275 203 2349 hahet,
234 2275 332 2350 pepigi
361 2277 390 2335 at
422 2277 524 2349 pactus
552 2292 614 2335 sum
643 2277 744 2336 otest
773 2273 944 2351 polissemus
973 2291 1067 2336 sermo
1096 2275 1126 2333 ·i·
1147 2277 1238 2336 multa

105 2377 282 2451 significans.
320 2378 453 2438 Psoiscor
478 2394 579 2452 pacem
613 2376 687 2439 facio
721 2380 750 2437 ot
777 2379 912 2452 promitto
935 2378 1011 2438 eicnt
1032 2377 1066 2437 in
1087 2379 1144 2439 hoo
1166 2379 1235 2441 loco.

105 2481 240 2540 Pacisoor
262 2481 290 2540 ·i·
312 2481 466 2556 adipiscor,
496 2486 529 2542 nt
557 2482 698 2557 Virgilius
727 2485 848 2543 mortem
870 2500 921 2558 pro
952 2482 1037 2542 laudo
1059 2483 1186 2557 pascisci
1208 2484 1266 2545 ·i·ao

105 2582 240 2658 adipisci.
284 2583 474 2644 Nomisma
498 2572 515 2644 a
532 2586 645 2645 nomine
660 2585 776 2660 (licitur,
792 2585 1012 2659 quindenarius
1027 2586 1234 2660 nominoragie

105 2687 270 2762 insignitur.
315 2688 451 2749 Sterili
474 2692 591 2750 matra
614 2691 640 2748 ·i·
663 2685 777 2749 utinam
799 2688 903 2748 fnisset
925 2690 1019 2750 mater
1034 2689 1097 2749 sins
1114 2689 1234 2761 sterilis,

105 2793 137 2848 ut
160 2808 217 2851 non
240 2793 383 2867 potuisset
404 2793 495 2853 nasci.
534 2795 618 2853 Sors
640 2793 774 2853 melior
796 2793 823 2851 ·i·
843 2792 969 2853 fortuna.
1001 2791 1131 2852 Primum
1153 2795 1235 2868 optat

104 2897 198 2968 poeta,
221 2897 253 2953 ut
275 2911 333 2954 non
356 2894 461 2955 fnisset
482 2896 533 2956 illo
549 2898 647 2966 natus,
670 2898 701 2955 ot
715 2896 741 2955 si
756 2898 854 2967 natos,
878 2898 910 2955 ut
926 2896 983 2956 cito
998 2896 1130 2956 mortuns
1145 2898 1235 2957 esset.

105 2996 220 3056 Fusus
243 2998 270 3056 ·i·
294 2999 390 3059 natus.
429 2998 604 3071 Signifer
626 2998 653 3056 ·i·
676 3000 763 3072 signa
785 2998 890 3059 ferens.
930 3001 996 3073 Ipsa
1018 2999 1094 3058 enim
1118 2998 1266 3073 signnmas

103 3097 200 3159 osonio
238 3101 360 3161 ferebat.
403 3100 547 3161 Premis
571 3100 597 3158 ·i·
621 3108 666 3160 est
698 3101 850 3175 imprimis.
895 3101 968 3160 Pax
997 3100 1036 3161 in
1070 3118 1185 3163 anses
1208 3103 1235 3162 ·i·

103 3200 133 3261 iu
156 3203 273 3276 praelia.
308 3203 403 3263 Enses
431 3221 483 3278 pro
512 3204 586 3264 bollo
608 3205 713 3278 posuit
748 3205 804 3264 Por
830 3205 857 3265 id
882 3205 957 3279 qnod
979 3204 1079 3277 elficit,
1103 3206 1134 3266 iu
1157 3208 1236 3283 qnod

103 3303 237 3381 allicitur,
272 3305 460 3380 intellegitur.
506 3308 587 3367 Aut.
624 3308 723 3381 Lupus
756 3324 908 3382 numquam
938 3309 1084 3367 osculatur
1114 3324 1233 3382 agnum.

102 3407 222 3468 Puero
252 3407 424 3469 ·i·1llaloho.
469 3409 585 3470 Paroa
608 3411 635 3469 ·i-
666 3426 757 3471 cassa.
793 3411 883 3470 Pareo
912 3410 1005 3470 multa
1035 3408 1184 3485 significat
1206 3414 1233 3473 ·i·

102 3512 237 3585 indulgeo
265 3512 312 3572 uel
342 3529 434 3584 seruo,
464 3513 530 3573 inde
558 3530 662 3588 parcus
689 3530 758 3589 opas
782 3512 904 3573 dicimus
928 3515 1101 3574 sarnatrioee
1125 3514 1266 3580 mellissa

101 3614 139 3673 Et
164 3631 250 3687 parco
280 3618 324 3676 ost
354 3633 443 3687 cesso,
478 3618 554 3676 sicut
582 3617 612 3676 in
635 3617 782 3678 hocloco.
826 3618 956 3692 Aliger·
978 3618 1005 3677 ·i·
1029 3620 1093 3679 alas
1116 3634 1234 3692 gorens.

103 3718 309 3779 Concilium
343 3719 369 3779 ·i·
403 3721 466 3795 ipsa
499 3719 663 3797 multitudo,
702 3719 853 3781 consilinm
887 3739 934 3783 res
964 3721 999 3782 de
1031 3739 1091 3796 qua
1123 3723 1234 3797 egitur,

101 3821 319 3883 conciliabulum
343 3823 404 3898 ipse
426 3823 515 3883 locus.
551 3823 668 3896 llille,
691 3823 793 3884 finitus
815 3841 952 3884 numerus
975 3825 1022 3884 est
1036 3840 1088 3898 pro
1106 3823 1235 3888 infinito.

104 3922 212 3983 Vanis
242 3922 394 3983 fanillis
422 3924 449 3983 ·i·
473 3925 627 3986 sententiis
657 3925 704 3985 uel
732 3925 808 3985 malo
834 3924 1000 3989 intentione.
1038 3927 1158 3989 Fauills
1192 3935 1237 3992 est

100 4026 157 4084 cibi
181 4027 259 4102 ignis
282 4029 312 4085 et
335 4027 440 4087 dicitnr·
463 4044 480 4086 a
502 4045 614 4103 graeco,
638 4030 710 4103 quoi
734 4033 779 4089 est
800 4028 867 4104 fago
890 4029 918 4088 ·i·
942 4029 1103 4093 comedere.
1151 4034 1269 4097 Pul-u

201 4259 236 4312 20
253 4257 287 4313 cf.
307 4260 371 4314 Aen.
391 4260 445 4315 XII
462 4261 497 4314 49
