2774 4830
357 1108 941 1224 recludendus
1004 1165 1013 1187 =

635 1380 684 1464 1.-

115 1561 294 1665 'Sedulins
318 1590 355 1655 de
378 1593 467 1655 cuius
488 1591 556 1655 uita
578 1593 610 1653 et
631 1588 756 1672 scriptis
777 1589 959 1670 elioloco1)
976 1588 1211 1654 fusiustreota·

79 1698 199 1781 nimus,
221 1698 383 1780 postquam
406 1694 617 1761 saecularibus
639 1696 753 1760 studiis
776 1695 912 1761 colendis
939 1694 1005 1760 nim
1029 1695 1208 1783 inpatientis

11 1800 29 1831 ²
80 1801 205 1885 ingenii
234 1818 294 1865 non
325 1799 458 1864 utilitati
487 1798 610 1864 animae
632 1798 685 1864 sed
706 1798 792 1863 inani
814 1799 899 1864 uitae
921 1797 1100 1880 dependere,
1123 1798 1236 1864 litte-1

16 1902 32 1935 ¹
49 1966 57 1973 .
80 1907 186 1971 rariae
203 1901 344 1968 sollertia
359 1902 542 1985 disciplinae
557 1901 679 1967 lusibus
694 1900 881 1965 infructuosi
896 1900 998 1982 operis
1013 1903 1078 1966 non¹
1088 1901 1209 1966 auctori

80 2000 204 2072 s'eruire
234 2005 294 2070 sibi
320 2007 406 2070 uisus
428 2003 526 2088 est⁹)‚
551 2007 589 2070 ed
613 2002 728 2070 Christi
758 2003 909 2068 miracula
930 2004 1071 2068 uersibus
1093 2003 1209 2069 descri-

82 2111 186 2175 benda
209 2111 247 2175 ob
269 2108 327 2174 hoo
348 2109 482 2173 maxime
505 2108 645 2184 accessit,
673 2109 711 2173 ut
739 2107 817 2173 alios
839 2106 1103 2173 exhortationibus
1125 2106 1209 2170 ueri·

81 2213 161 2278 tatis
182 2211 222 2276 ad
244 2211 366 2296 frugem
387 2211 485 2277 bonae
515 2212 624 2276 messis
652 2210 790 2276 inuitans
820 2211 847 2275 si
869 2210 992 2292 quando
1014 2208 1209 2276 infirmitatis

82 2316 239 2380 humanae
262 2316 347 2380 uitiis
370 2313 499 2380 forsitan
515 2313 678 2379 lacessitus
692 2313 928 2396 repugnaretur,
945 2312 1050 2378 uerbis
1066 2312 1207 2395 propriae

81 2416 306 2500 disputationis
341 2418 530 2482 ammonitus
563 2418 715 2482 metueret
743 2420 775 2482 et
804 2419 857 2498 qni
891 2416 975 2482 furta
1002 2415 1209 2500 prohibuisset

82 2523 137 2586 fur
164 2520 265 2586 uideri
294 2522 453 2586 uereretur
481 2520 513 2585 et
541 2522 594 2601 qui
615 2524 718 2585 rectae
740 2519 908 2585 soliditatis
936 2518 997 2584 iter
1024 2519 1209 2584 ostendisset

81 2623 277 2707 procliuioris
299 2623 413 2689 lubrici
435 2622 609 2707 periculose
631 2622 799 2687 sectari.et
822 2622 919 2704 clipeo
943 2623 1114 2688 dominicae
1136 2641 1208 2705 pro·

82 2725 230 2792 fectionis
257 2727 396 2791 armatus
429 2725 576 2791 inimicae
608 2724 805 2791 iaculationis
829 2725 893 2790 tela
921 2725 1005 2791 facili
1033 2723 1208 2807 repulsione

80 2831 299 2894 contemneret
310 2829 349 2911 ³).
387 2827 539 2894 Volumcn
573 2827 761 2909 confectum,
798 2828 848 2893 cui
879 2846 990 2893 nornen
1022 2845 1208 2894 sescunnrs

81 2949 247 2997 cassurus
281 2932 460 3013 inposuerat
472 2928 510 3013 ⁴),
544 2933 636 3013 poeta
669 2929 849 2996 Macedonio
881 2933 1065 3015 presbytero,
1104 2948 1208 2994 rerum

81 3053 212 3099 suarum
241 3035 381 3116 patrono.
411 3032 527 3100 obtulit
548 3026 790 3116 perlegendum(
811 3033 863 3116 qui
896 3033 1020 3099 Sedulio
1048 3031 1208 3116 respondit

80 3155 122 3203 ac
142 3137 298 3221 praecepit
320 3141 357 3201 ut
379 3155 503 3201 carmen
536 3136 566 3202 in
601 3136 790 3202 rhetoricum
824 3135 1004 3202 transferret
1034 3152 1206 3200 sermonem

80 3240 197 3315 causis,
220 3241 252 3304 id
268 3239 349 3322 quod
364 3237 532 3304 dolendum
548 3243 606 3315 est,
625 3255 686 3303 non
701 3237 831 3304 adiectis
846 3238 883 3320 ⁵).
907 3239 1014 3321 Neque
1028 3257 1100 3304 uero
1116 3256 1208 3322 opere

189 3460 208 3525 ¹)
238 3460 271 3515 cf.
297 3460 340 3515 Dc
367 3460 473 3516 Scduta't
495 3465 595 3530 poetae
620 3460 683 3514 atto
708 3466 734 3515 et
757 3461 867 3530 scriptis
893 3461 1089 3516 commentatio.
1121 3458 1207 3516 Vino.

80 3550 163 3602 1878.
182 3577 214 3586 -
233 3545 334 3600 Eodem
362 3549 485 3616 spectant
511 3547 678 3615 quaestiones
701 3561 768 3615 quas
790 3549 883 3616 postca
900 3547 1092 3600 instituerunt:
1121 3544 1150 3600 G.
1175 3545 1206 3600 L.

79 3631 237 3697 laeimbncla
260 3631 346 3687 Uetcr
364 3631 418 3686 den
435 3632 608 3687 edredum
625 3633 741 3689 Dichter
762 3633 870 3689 Coelius
889 3632 1018 3688 Scdctc'uc
1034 3631 1095 3686 aad
1111 3630 1207 3686 dassen

83 3718 205 3773 Camere
222 3718 360 3787 poscitote.
384 3717 484 3774 Gestar
502 3721 575 3773 1879
598 3721 626 3772 et
649 3719 681 3774 G.
699 3718 824 3783 Boissier‚
843 3718 884 3774 Lo
901 3734 1012 3774 eamear
1029 3717 1161 3772 Poenae
1179 3722 1206 3772 ct

75 3806 169 3874 tepus
188 3804 222 3859 P.
242 3803 378 3872 (Joomat
395 3803 441 3858 dos
460 3803 777 3874 devenissem-1881).

187 3907 614 3979 vdmssmfflMpd

188 4011 403 4081 pampo

187 4114 418 4186 pompm

188 4218 738 4288 ¹)depadMoeffl.dummp.HL

132 4320 167 4375 L
