2774 4830
1143 343 1182 392 111

58 501 198 585 gorius
220 501 496 585 Turonensis1)
533 504 624 570 testis
658 509 715 589 est,
749 506 839 572 laude
872 509 984 575 eximin
1011 528 1082 576 eum
1111 514 1181 579 eliis

58 605 161 685 poetis
189 605 286 669 sscris
317 607 509 688 praeferunt:
539 607 759 675 venantius
786 610 1031 680 Fortunatus
1054 633 1080 681 c.
1103 615 1180 681 Vlli

60 710 91 791 l,
114 707 156 772 57
184 709 243 789 (ed.
266 709 357 788 Ireolt

59 827 154 911 Quod
175 832 265 893 tonat
285 827 483 911 Ambrosius,
505 829 720 914 Hieronymus
740 836 833 915 atque
854 840 1007 918 conum,

147 930 227 997 Sine
248 932 450 1014 Auoustinus
471 933 557 1014 fonte
576 934 691 1013 fluente
713 935 809 1018 rioat,

56 1033 256 1101 Sedulius
277 1035 425 1119 deicis,
450 1037 530 1114 qaod
554 1035 682 1103 Orosius
704 1039 768 1103 edit
789 1044 917 1107 nunes:

145 1135 273 1221 Recolo
298 1137 443 1205 Caesarii
465 1138 552 1205 lineo
573 1144 653 1206 nota
675 1141 735 1206 sitii
757 1147 810 1208 est.

102 1275 210 1341 idern
231 1278 263 1341 in
285 1275 367 1341 libro
389 1277 488 1358 primo
511 1279 596 1343 uitae
619 1277 649 1344 S.
672 1279 803 1345 Martini
825 1299 855 1345 u.
881 1281 938 1347 15:

60 1394 198 1460 Primos
218 1397 304 1461 enim
325 1397 421 1463 docili
443 1398 641 1482 distinctions
663 1401 773 1465 ordine
795 1421 924 1466 carmen

60 1500 248 1565 Maiestatis
270 1518 351 1582 opus
372 1503 464 1567 metri
487 1503 665 1567 candorio
687 1503 854 1570 Iuaonous.

58 1602 167 1668 Hinc
188 1623 338 1685 quoqne
358 1605 572 1686 conspicui
593 1606 788 1669 radiauit
808 1606 953 1690 linono
975 1606 1125 1674 Seduii.

58 1705 234 1789 Paucaque
254 1708 444 1788 perstrinxit
466 1708 595 1788 florente
620 1709 780 1774 Orientius
805 1729 866 1786 ore,

58 1809 323 1892 diuturniusque
340 1811 410 1892 piis
429 1829 526 1875 sacro
546 1811 620 1877 iraeo
641 1813 781 1877 donaria
802 1814 928 1878 mittens

57 1912 209 1980 Prudens
223 1913 401 1997 prudenter
421 1913 618 1980 Prudentius
639 1915 784 1981 immolat
805 1919 903 1983 actus.

101 2050 282 2118 Isidorus
303 2051 574 2136 Hispalensis,
599 2053 649 2117 cui
671 2053 704 2117 hi
726 2071 835 2118 uersus
857 2052 1132 2135 adscribuntur&

56 2171 100 2237 Si
121 2171 230 2253 Maro,
253 2176 282 2236 si
303 2171 453 2248 Plancus,
475 2173 505 2237 si
528 2173 617 2237 Naso
640 2176 669 2236 et
689 2172 822 2238 Persius
843 2171 956 2251 horret,

147 2274 299 2340 lorcam
319 2277 349 2340 si
371 2280 399 2341 te
421 2276 644 2357 Papiniusoue
665 2277 760 2342 tedet:

56 2377 184 2443 Pareat
205 2378 321 2443 eximio
343 2377 446 2443 duleis
467 2376 664 2443 Prudentius
685 2399 737 2442 ore

148 2481 354 2548 Carminibus
375 2481 480 2545 uariis
502 2480 617 2545 nobilis
638 2480 692 2546 ille
713 2481 803 2545 sotis.

54 2582 190 2668 Perteoe
210 2583 346 2665 famudi
367 2583 543 2649 studiosum
564 2603 691 2648 carmen
714 2585 816 2649 Auiti.

147 2687 248 2752 Eece
270 2687 470 2752 Inruenous
492 2687 605 2750 adest
629 2685 892 2768 Seduliusque
913 2686 1003 2766 tibi,

54 2791 181 2856 Ambo
203 2789 344 2872 linono
361 2809 497 2873 pares,
519 2789 712 2870 florentes
734 2789 920 2854 uersibus
942 2790 1050 2855 ambo

147 2893 251 2960 Fonte
272 2891 451 2976 erenaei-ico
468 2892 588 2975 poeula
610 2891 703 2975 laroc
725 2893 841 2976 ferunt.

101 3028 213 3114 Neque
245 3029 346 3095 rnrius
378 3028 497 3096 Sodutii
529 3033 670 3097 suctores
704 3030 907 3097 eruditissimi
939 3031 1084 3096 ecclesiae
1112 3031 1182 3096 Bri·

58 3134 206 3200 tannicae
239 3134 427 3198 mentionem
461 3133 583 3199 tseiuni
608 3135 697 3200 uelut
726 3134 960 3200 Aldhetmus
988 3135 1091 3200 Beda
1118 3135 1181 3199 Al·

58 3239 218 3314 suiuus,
242 3256 332 3320 quem
348 3255 367 3301 a
381 3236 489 3302 Oarolo
504 3237 618 3320 Magno
633 3238 664 3303 in
682 3238 821 3304 scholam
836 3238 1012 3303 Pelstinnm
1028 3236 1182 3302 adscitum

59 3358 129 3407 esse
151 3341 283 3415 constet,
306 3337 445 3405 Gallione
462 3341 607 3405 ecciesiae
629 3340 718 3405 uelut
738 3338 1000 3420 Theudulius,
1023 3340 1181 3423 episeopus

60 3445 115 3509 ille
137 3442 461 3520 Aurelianensis,
494 3441 700 3509 Ermoldus
723 3442 922 3527 Nigellns,
951 3442 1182 3527 Smarngdus

59 3545 198 3622 sbbns,
215 3545 328 3611 Ionas
343 3545 652 3612 Aurelianensis
668 3546 734 3624 alii,
748 3545 830 3611 inter
845 3543 1029 3611 Germaniae
1044 3548 1182 3611 doetooes

58 3667 140 3716 seno
163 3647 304 3714 Carolino
326 3649 464 3715 illustres
487 3649 718 3727 Rhebenus,
748 3649 841 3715 abbas
862 3648 1043 3715 Fuldensis:
1073 3647 1183 3713 horum

166 3889 186 3956 ¹)
213 3888 334 3944 Historia
359 3889 521 3945 Francorum
548 3905 573 3958 p.
592 3890 642 3944 237
670 3890 720 3954 (ed.
744 3890 833 3944 Arndt
856 3892 883 3943 et
906 3889 1038 3956 Krusoh):
1068 3886 1182 3954 Scripsit

53 3978 129 4031 otios
147 3975 233 4030 toros
249 3975 321 4031 idern
339 3992 390 4031 ree
402 3980 447 4044 (su
459 3977 638 4046 chilperious)
655 3977 788 4041 uersibus
806 3977 885 4046 qnasi
904 3975 1045 4030 Sedutiunr
1061 3978 1182 4036 senatun

53 4063 109 4119 sed
125 4062 260 4119 uersuti
275 4063 318 4116 etii
334 4063 413 4117 nullo
426 4064 558 4132 paenitus
575 4063 703 4117 metricae
720 4065 888 4117 conueniunt
905 4063 1021 4116 ratione.

165 4166 186 4232 ²)
209 4163 242 4221 et.
263 4163 407 4221 Fabricius
430 4164 496 4220 bibl.
521 4163 589 4222 med
610 4169 638 4218 et
660 4164 710 4218 int.
734 4165 780 4219 let.
804 4163 827 4217 V
848 4163 898 4219 ³01
918 4162 968 4228 li,
996 4160 1185 4219 Mffemoheid
