2774 4830
540 318 689 387 Remigii
712 318 892 387 expositio.
1216 315 1280 382 353

145 516 199 573 ton
222 530 322 573 meson
346 512 373 578 .i·
396 514 426 572 in
448 514 523 572 bono
546 514 575 573 ct
598 512 627 572 in
650 514 735 585 malo,
763 512 793 572 in
815 512 890 573 malo
907 512 983 573 siout
1000 513 1212 584 intonueras,
1229 511 1278 571 ubi

146 616 180 676 bi
203 618 309 676 mundo
332 615 512 676 damnabiles
535 618 562 677 ·i·
586 616 643 687 rei;
667 616 699 677 in
721 619 794 676 bono
817 617 893 677 sicut
916 617 944 675 in
968 617 1100 691 sequenti
1116 633 1211 687 uersu,
1227 617 1276 675 ubi

144 737 213 779 rous
236 723 282 781 est
304 722 426 779 mundus
448 720 475 778 ·i·
498 719 639 781 obnoxius
662 722 693 779 et
715 721 837 793 debitor,
866 720 935 793 quia
957 720 1041 779 debet
1062 718 1107 777 illi
1130 722 1277 778 aeternam

144 822 325 883 fidelitatem
372 821 548 883 Conuicia
575 823 719 883 auieiuis
753 822 897 894 dicuntur,
929 823 998 896 quis
1026 822 1113 882 uicini
1142 824 1218 882 inter
1246 839 1306 881 sev-

121 926 252 1001 sprobra
273 929 395 986 iactant.
441 927 603 1001 Colligit
620 928 647 985 ·i·
662 927 817 995 coadunat,
835 926 905 985 lacit
920 926 1122 1000 apostrophem
1138 925 1175 983 ad
1189 942 1276 1000 para·

143 1030 251 1091 disum.
275 1030 364 1090 Edem
386 1029 530 1099 hebraice,
554 1029 708 1102 paradisus
730 1045 845 1102 graeca
868 1029 969 1087 hortus
984 1029 1082 1089 labne.
1126 1027 1276 1088 Violen-

143 1136 219 1193 tum
237 1136 265 1193 ·i·
282 1151 335 1208 pro
358 1134 461 1208 grandi
484 1133 630 1193 uiolentia.
654 1132 778 1192 Facinus
801 1134 851 1192 ton
866 1149 964 1192 meson
979 1135 1034 1210 est,
1056 1132 1132 1192 sicut
1147 1135 1176 1190 ct
1191 1131 1275 1201 facio,

144 1254 164 1296 a
188 1252 244 1310 quo
267 1236 425 1299 darinatur.
453 1235 616 1310 Aliquando
639 1236 715 1295 enirn
738 1235 842 1294 bonurn
865 1235 980 1295 facinus
1002 1236 1118 1297 dicitur.
1153 1236 1277 1295 Polum

142 1339 173 1397 ·i·
197 1337 316 1411 osclum,
344 1357 400 1398 nou
422 1342 534 1413 partem
557 1341 607 1398 ssd
630 1342 723 1399 totum
745 1338 934 1413 nuncupauit,
951 1340 1019 1414 qnia
1033 1339 1149 1412 eclipsis
1164 1339 1276 1412 partem

101 1464 133 1504 ro
143 1443 203 1515 poli
226 1443 316 1516 tenet,
340 1442 453 1517 quando
476 1441 510 1501 fit
532 1443 689 1503 secundnm
717 1446 861 1502 naturam.
896 1442 952 1501 Sed
971 1445 1042 1503 tuuc
1063 1460 1123 1501 non
1146 1441 1202 1501 luit
1223 1458 1277 1501 ns·

142 1544 261 1619 turalis,
285 1547 335 1605 aed
359 1546 483 1619 signum.
522 1545 560 1604 iit
582 1545 732 1606 sciendum
754 1546 822 1619 quia
845 1544 960 1619 eclipsis
983 1544 1053 1605 solis
1076 1561 1223 1619 nunquam
1245 1543 1278 1603 nt

142 1647 206 1707 nisi
232 1648 263 1706 iu
290 1647 441 1708 tricesima
469 1647 539 1706 luna
567 1649 613 1707 uel
641 1646 673 1706 in
696 1648 800 1721 prime,
834 1650 905 1706 tunc
932 1650 1038 1723 quarta
1065 1647 1175 1707 decima
1204 1648 1275 1708 erat.

139 1751 322 1826 Exequiis
345 1753 372 1811 ·i·
387 1750 536 1812 seruitiis:
560 1752 696 1825 exequiae
718 1750 861 1821 dicuntur,
884 1766 959 1825 quae
981 1752 1116 1811 secuntur
1134 1750 1276 1811 cadauera

140 1856 327 1915 mortuorum.
372 1854 543 1915 Dolituit
565 1857 592 1915 ·i·
615 1854 774 1915 abscondit.
812 1855 839 1912 A
860 1855 936 1913 lateo
959 1853 1136 1928 componitur
1158 1854 1272 1913 doliteo.

100 1958 223 2021 nsNou
245 1975 419 2018 mansura
442 1959 502 2018 din
524 1978 555 2018 s·
580 1960 641 2033 ipsa
662 1959 710 2017 lux
734 1959 814 2029 solis,
838 1959 895 2018 nisi
918 1975 970 2033 per
992 1961 1052 2018 tres
1075 1957 1171 2017 boras.
1203 1956 1274 2031 bip-

141 2062 245 2121 stien
267 2060 293 2120 ·i·
309 2061 444 2134 figurata.
468 2063 525 2121 Per
540 2065 666 2137 spatium
689 2063 778 2122 trium
800 2062 936 2122 horarum
952 2059 1182 2136 significabatur,
1197 2061 1271 2134 quod

140 2164 240 2224 tribus
262 2164 365 2224 dicbus
388 2166 496 2225 iaceret
517 2166 650 2226 dominus
674 2165 703 2225 in
725 2166 885 2239 sepulchro,
910 2166 1026 2224 asexts
1047 2164 1118 2223 hors
1131 2180 1223 2237 usque
1238 2164 1274 2221 ad

140 2283 259 2328 nonam.
283 2266 353 2326 Tres
371 2268 457 2328 horse
472 2274 550 2340 suut,
567 2269 671 2342 quibus
686 2270 845 2329 occultatus
862 2271 907 2329 est
923 2267 976 2327 sol.
993 2268 1118 2327 Verbum
1134 2269 1170 2327 de
1185 2268 1273 2327 uerbo

139 2369 306 2446 transtulit,
330 2386 394 2429 cum
411 2371 482 2430 dixit
498 2372 628 2445 mystica,
653 2374 774 2433 sacrata.
805 2372 947 2447 Mysticon
962 2371 1039 2430 enim
1056 2370 1158 2431 (irasci
1172 2372 1274 2431 dicunt

101 2474 293 2539 „secretum
311 2473 385 2532 Nec
401 2474 517 2533 tellus
533 2474 614 2534 sine
631 2475 734 2533 clade
748 2473 824 2533 fuit
839 2475 867 2533 ·i·
882 2475 946 2535 sine
963 2474 1076 2535 damno.
1092 2475 1176 2535 Modo
1191 2475 1271 2546 dicit,

141 2574 282 2649 quomodo
305 2577 450 2636 condoluit
464 2580 552 2647 terra,
577 2577 645 2651 quis
660 2578 718 2635 iam
733 2576 842 2636 dictum
859 2578 947 2637 habet
962 2579 996 2637 dc
1012 2580 1102 2639 caelo.
1142 2579 1272 2652 Supre-

138 2695 234 2737 mum
256 2678 283 2736 ·i·
306 2679 450 2742 ultimum.
486 2679 642 2753 suppremo
672 2696 722 2753 por
750 2679 805 2738 duo
833 2697 889 2753 pp·
919 2679 1066 2752 significat
1087 2681 1221 2740 ultimum
1242 2688 1273 2741 et

138 2783 252 2841 uenite
265 2783 353 2841 uerbo
369 2784 526 2860 supprimo,
545 2782 594 2841 sed
610 2780 657 2841 hic
668 2799 725 2841 non
736 2782 832 2856 potuit
844 2784 960 2857 proptor
972 2787 1103 2857 matrum,
1119 2800 1272 2857 supremus

138 2899 209 2943 uero
231 2901 282 2959 per
303 2902 392 2944 nuum
415 2904 451 2960 ·p·
476 2903 618 2944 summum
640 2886 723 2945 deum
739 2885 896 2959 significat.
941 2887 1041 2960 Apcx
1057 2887 1085 2944 ·i·
1108 2885 1273 2945 sublimitas

98 2986 259 3053 „Christi
304 2990 548 3050 succumbere
570 2990 597 3048 ·i·
620 2989 754 3049 deorsum
776 2991 886 3064 cedere,
907 2990 1014 3063 putans
1031 3006 1063 3047 s·
1078 3005 1142 3048 enm
1157 2990 1272 3049 suetors

137 3108 193 3151 suo
215 3092 251 3151 sd
273 3090 421 3152 infernum
448 3092 629 3151 descendero.
674 3092 797 3166 Vagss
820 3092 1027 3152 immobiles.
1070 3092 1230 3153 Perdita
1245 3092 1272 3150 ·i.

136 3211 232 3269 genna
254 3195 419 3257 humanum.
454 3193 718 3255 consistentia
739 3195 766 3253 ·i·
789 3196 935 3255 manentia
957 3214 990 3254 ·s·
1012 3195 1146 3256 mundns.
1180 3196 1272 3256 Peu-

137 3297 269 3357 niculo
292 3297 319 3356 ·i·
343 3298 490 3373 spongiae,
519 3315 605 3372 quarn
634 3298 881 3359 circumdederunt
904 3298 1013 3373 hysopo
1035 3314 1099 3358 cnm
1121 3299 1271 3359 arundine.

138 3399 379 3460 manzeribus
402 3401 429 3460 ·i·
452 3401 486 3459 de
515 3404 610 3461 scorto
639 3401 726 3464 uatis.
766 3401 835 3461 Ideo
863 3400 968 3460 Iudeos
996 3402 1030 3459 do
1063 3404 1157 3461 scorto
1187 3404 1272 3462 natos

97 3502 221 3575 „dicit
254 3504 321 3577 quia
355 3504 449 3563 uirum
477 3505 590 3564 enimse
617 3520 687 3564 snae
710 3504 737 3563 ·i·
760 3503 906 3565 christum
935 3506 1100 3566 deserentes
1122 3505 1271 3567 Burrsbsu

135 3605 281 3664 latronem
304 3608 387 3681 quasi
410 3608 574 3667 adulterum
596 3608 728 3681 eligendo
750 3608 843 3667 secuti
865 3609 942 3667 sunt.
986 3607 1139 3667 Acetum
1161 3625 1196 3668 ex
1218 3625 1270 3682 op·

135 3708 210 3766 timo
233 3711 298 3770 uino
324 3710 358 3771 fit
387 3715 417 3771 et
448 3711 555 3771 dicitur
584 3712 666 3786 quasi
699 3712 812 3771 acidum
835 3711 861 3770 ·i·
884 3710 1030 3770 acerbum.
1067 3711 1114 3769 Ita
1136 3713 1166 3770 et
1186 3710 1270 3771 Iudci

135 3813 175 3871 ds
190 3816 323 3887 patribus
339 3816 366 3874 ·i·
383 3817 417 3874 de
433 3815 604 3889 patriarchis
620 3816 682 3875 nati
698 3819 776 3874 sunt.
813 3814 951 3873 Odiosa
972 3831 1136 3889 propago
1160 3815 1186 3873 ·i-
1211 3814 1270 3874 ini-

135 3914 214 3975 mico
234 3918 392 3993 generatio.
422 3920 519 3978 Bonus
542 3917 674 3978 christus
696 3917 801 3977 dicitur
824 3935 842 3977 a
863 3932 976 3990 musco,
1000 3919 1076 3991 quod
1098 3920 1143 3979 est
1165 3919 1219 3979 boo
1241 3917 1270 3976 ·i·

191 4152 225 4207 13
247 4116 368 4249 airus
385 4169 404 4206 a
420 4167 455 4205 m.
474 4153 504 4219 2)
522 4152 549 4206 s
632 4117 731 4205 sorurl'
754 4152 799 4217 (ue
820 4169 839 4206 a
859 4168 893 4205 m.
911 4155 942 4217 2)
960 4153 987 4207 s
1072 4153 1105 4207 19
1122 4150 1268 4206 mistiones

133 4256 165 4312 A
268 4254 302 4310 31
329 4258 389 4321 ¹(o
406 4272 424 4309 n
440 4272 475 4309 m.
493 4256 525 4325 2)
543 4256 570 4310 A

187 4358 223 4415 x.
1131 4358 1166 4413 sa
