2774 4830
494 334 650 391 Paaohal.
667 334 786 404 Operio
804 334 875 391 Lib.
892 336 931 392 11.
1216 340 1277 407 221

144 544 287 603 meum,
310 524 390 591 huno
412 526 474 591 sibi
495 525 663 607 specialem
687 524 817 609 gloriam
834 544 968 609 oongrue
983 527 1174 610 uindicauit3
1197 528 1279 611 quot

142 630 192 694 ait
221 633 417 708 uestrum,
452 629 631 713 generalem
658 629 792 713 gratiam
821 629 1028 695 eommuniter
1062 631 1184 696 eunetis
1212 650 1280 698 eone

143 732 307 817 patefecit,
340 735 373 799 et
401 734 548 816 qnoniam
569 731 794 814 scriptumest
824 733 993 799 dooeant
1020 750 1090 800 uos
1121 736 1281 803 terrena

144 855 245 920 quae
267 840 361 902 sunt
382 835 596 912 eoelestia,
618 834 862 902 similitudinem
885 835 1036 903 laniamus
1056 836 1107 902 hio
1129 837 1280 921 anquam,

119 945 184 1006 eut
211 960 248 1005 ex
275 939 423 1006 humanis
454 939 561 1005 diuino
588 939 759 1022 oapiamus.
796 958 948 1023 ponamus
978 940 1079 1024 igitur
1100 942 1280 1025 quempiam

144 1043 283 1109 nobilem
311 1044 427 1120 uirum,
458 1044 509 1109 oui
538 1042 639 1109 Filius
667 1043 778 1108 uniouo
808 1045 840 1107 et
869 1044 1024 1126 aliquanti
1058 1044 1124 1110 sint
1156 1045 1279 1111 famuli.

144 1148 301 1231 numquid
330 1147 368 1212 ob
397 1147 465 1225 hoo,
494 1147 570 1231 quia
589 1150 679 1230 pater
702 1146 842 1212 familias
864 1147 1050 1229 repellatur,
1072 1149 1177 1232 potest
1198 1149 1280 1233 apud

144 1270 221 1317 eum
247 1268 411 1317 seruorum
439 1270 476 1317 ao
504 1250 563 1317 lilii
591 1268 649 1333 par
678 1248 855 1315 dileetionis
885 1269 952 1316 esse
974 1248 1125 1327 conditio,
1154 1269 1228 1317 oum
1249 1256 1281 1317 et

145 1356 214 1438 ipse
236 1354 321 1420 filiun
343 1355 488 1421 dominun
503 1357 649 1439 probetur
664 1372 732 1421 ease
747 1357 953 1421 cunctorum?
976 1373 1033 1420 noa
1047 1355 1146 1440 igitur
1160 1356 1282 1423 utimur

106 1458 206 1523 rohoo
228 1458 376 1540 oratione,
397 1475 461 1524 non
482 1456 639 1542 Christus,
662 1458 810 1541 quoniam
829 1461 918 1540 preoe
935 1457 1028 1524 huius
1042 1459 1281 1542 eupplioationis

145 1564 252 1645 ipaum
281 1579 402 1645 quoque
431 1562 638 1646 deposuimus,
661 1563 715 1646 qui
743 1580 815 1627 omn
837 1564 925 1646 patre
948 1580 1029 1627 unns
1052 1565 1103 1628 eut
1126 1562 1281 1629 Dominus

146 1667 339 1732 coaeternus.
377 1666 515 1734 dieentes
552 1667 651 1750 igitur
688 1667 799 1748 pater
834 1668 971 1732 noster
1007 1666 1191 1731 eonfitemur
1226 1685 1281 1732 nos

146 1786 256 1835 omnoe
284 1769 408 1852 inipso
437 1769 550 1835 fratres
579 1771 719 1835 existere.
761 1771 848 1835 ouius
877 1769 1013 1836 nominis
1042 1787 1104 1836 non
1134 1771 1282 1837 debemus

145 1872 297 1938 allectum
327 1874 457 1939 mutuae
486 1874 627 1939 ueritatis
662 1872 841 1956 expulsione
874 1874 1074 1939 oontemnere
1106 1892 1165 1939 neo
1185 1875 1281 1960 origi-

108 1976 231 2041 uenalis
260 1976 324 2042 odii
352 1978 555 2042 monumenta
575 1978 698 2054 sectari,
730 1994 790 2059 quo
824 1976 913 2054 Cain,
947 1978 1088 2061 germani
1120 1978 1281 2063 smguinis

147 2080 245 2158 fusor,
267 2080 464 2164 parricidalis
492 2082 635 2146 maculae
657 2081 761 2147 laetus
784 2084 832 2145 est
853 2081 1026 2159 inohoator,
1048 2080 1103 2146 ned
1124 2080 1282 2147 mausueti

147 2184 279 2266 spirituo
307 2185 381 2269 igne
403 2184 560 2251 feruentes
582 2185 716 2251 earnalia
739 2202 892 2268 ponamus
913 2184 1089 2268 nequitiam
1110 2184 1282 2250 uetustatis

148 2294 183 2352 et
204 2304 284 2352 nouo
313 2287 437 2354 homine
466 2288 662 2372 gratulemur
683 2287 797 2365 induti,
828 2308 867 2353 ne
896 2306 968 2353 oum
990 2287 1150 2371 coeperint
1171 2306 1191 2353 a
1212 2305 1281 2353 oae-

147 2391 282 2456 lestibuo
304 2408 394 2474 opera
416 2392 600 2474 degenerare
615 2392 748 2469 terrena,
765 2394 854 2456 tonto
868 2391 958 2475 patre
971 2391 1135 2457 uideamur
1148 2389 1282 2475 indigui,

110 2493 205 2576 eoqui
227 2493 352 2560 Christo
375 2512 429 2560 noe
451 2495 531 2561 duoe
551 2513 641 2560 saera
663 2496 753 2560 natos
776 2495 942 2577 adoptione
964 2495 1110 2579 oueoepit.

194 2631 466 2681 suuorrrronrma
502 2632 624 2681 nomeu
660 2633 767 2682 nuru.
817 2616 1022 2683 sanctificatio
1063 2635 1143 2699 quae
1179 2617 1281 2699 potest

205 2906 218 2959 l
249 2921 323 2958 meus
351 2910 365 2958 ἐ
392 2905 420 2959 Ρ
521 2908 538 2959 3
565 2909 592 2959 et
617 2905 913 2975 quoniam-caelestia
939 2921 989 2960 ont
1016 2905 1078 2973 Bo,
1112 2907 1144 2961 in
1168 2908 1203 2963 Η
1225 2908 1286 2975 fere

148 3022 221 3062 eron.
248 3024 282 3061 m.
309 3010 330 3061 2
443 3008 461 3061 4
487 3007 544 3062 hino
571 3011 600 3073 (n
626 3012 707 3073 erue.)
733 3008 767 3063 H
878 3010 896 3063 6
921 3008 973 3062 oui'
999 3008 1028 3063 P
1136 3009 1285 3079 aliquantir

150 3128 179 3182 P
272 3128 377 3196 ramuli]
397 3144 454 3183 rae.
472 3130 504 3183 ee
521 3130 567 3192 rr,
593 3136 656 3199 pou
673 3130 695 3185 u
713 3131 727 3184 r
743 3145 813 3184 erae.
832 3128 891 3183 uto.
909 3130 942 3183 tn
959 3129 987 3183 n
1079 3129 1095 3183 o
1114 3100 1185 3217 narie
1201 3132 1284 3197 (err.

150 3266 187 3302 m.
210 3252 239 3316 2)
265 3248 331 3317 quid
357 3249 386 3302 P
515 3222 549 3334 ab
575 3248 603 3305 R
705 3249 778 3319 quia]
802 3251 850 3318 qui
873 3249 907 3311 B.
939 3250 1048 3318 quode
1149 3250 1285 3322 apellatur

149 3370 180 3423 r
275 3370 374 3439 pereae]
392 3385 414 3424 e.
430 3370 448 3424 r.
467 3386 502 3425 e.
519 3372 540 3424 e
558 3370 586 3424 Ρ
687 3353 772 3455 elac
788 3369 821 3424 rr
906 3357 981 3439 qiu
1089 3370 1208 3441 errius]
1226 3387 1248 3427 e.
1267 3374 1283 3427 r.

149 3492 224 3544 eru?
247 3490 274 3543 P
372 3478 466 3559 pbtuur
488 3491 529 3553 R,
560 3490 655 3558 probet
677 3490 712 3545 Η
811 3463 938 3545 :litum
956 3494 1034 3555 (euno
1050 3508 1070 3545 a
1087 3508 1122 3547 m.
1139 3497 1166 3555 1)
1188 3492 1217 3548 B

151 3610 188 3663 10
204 3582 254 3662 1ιαῖ·
271 3612 390 3676 (nom.
406 3612 438 3675 2)
456 3611 577 3665 orationi
595 3614 620 3678 (“
641 3610 800 3677 armlP
901 3610 930 3664 ll
950 3610 1048 3665 oui'P
1149 3610 1181 3665 12
1199 3611 1286 3679 igitur

152 3712 186 3775 P,
216 3712 308 3780 iturpue
325 3710 432 3767 RHBu
530 3713 562 3766 13
580 3714 623 3766 cui
640 3714 669 3767 P
751 3712 878 3766 debemur
894 3712 930 3766 Η
1020 3711 1054 3766 14
1071 3714 1174 3766 mutate
1193 3712 1221 3765 P

155 3832 189 3885 15
215 3830 347 3886 nonina
372 3831 428 3888 nn
532 3833 566 3886 ro
592 3800 665 3887 reni}
692 3834 721 3887 P
742 3833 775 3887 ot
792 3799 879 3903 „epse
983 3796 1104 3887 initur
1121 3830 1151 3898 (u
1168 3846 1187 3884 a
1205 3848 1239 3886 m.
1256 3834 1286 3893 ε)

152 3935 194 3997 R,
225 3934 358 3988 ineeoator
381 3935 409 3988 B
511 3936 658 3989 maueuetiu
682 3936 710 3989 P
810 3936 844 3990 17
869 3936 998 3991 feruentia
1021 3935 1055 3990 H
1156 3949 1287 4004 ponamus

151 4054 271 4109 carnalia
293 4020 407 4124 neque'm
432 4057 459 4110 P
478 4057 511 4111 in
533 4023 621 4127 myli
727 4060 760 4113 18
786 4073 883 4112 nonem
908 4056 937 4112 P
1036 4056 1210 4127 gratulentur
1235 4056 1286 4119 11¹,

152 4166 321 4235 gratulemur
343 4165 387 4220 11²
488 4167 524 4221 20
546 4184 595 4221 noe
613 4150 667 4239 iffi
686 4169 717 4223 H
819 4168 886 4223 (tuoe
903 4168 935 4221 iot
952 4184 1005 4237 mp.
1027 4168 1070 4221 H’
1172 4168 1287 4239 raotola

151 4278 307 4331 om.2H
407 4263 646 4349 ilo-equH
