2774 4830
536 326 684 397 Remigii
708 326 887 396 expositio.
1212 326 1275 393 347

145 521 212 593 luit,
240 539 258 581 a
280 538 335 596 quc
358 522 438 582 dicta
459 523 504 580 eat
526 522 586 583 ista
608 521 703 593 uallis,
727 522 763 581 ad
785 537 871 594 quam
892 520 1086 596 confugerunt
1108 521 1161 580 lilii
1183 520 1276 581 lsrael

145 625 315 685 recedentes
337 641 356 682 a
377 626 485 697 templo
508 623 554 683 dei
576 630 696 698 propter
724 624 925 684 amoenitatem
948 624 1028 684 illiue
1049 625 1115 697 loci,
1138 625 1187 684 ubi
1210 626 1276 687 ado

144 729 283 787 ranemut
304 726 391 801 idola,
415 727 483 801 quia
504 726 569 787 dous
592 726 669 787 Siloa
691 726 833 800 irrigabat
856 744 928 788 eam.
959 727 1040 786 Tunc
1062 727 1216 801 dupliciter
1234 727 1276 786 ibi

145 830 311 904 perierunt:
334 831 443 902 anima,
466 829 536 903 quia
558 829 635 889 idola
655 831 817 904 coluerunt,
841 847 968 906 corpore,
992 830 1062 904 quia
1082 832 1119 891 ab
1142 829 1275 890 hostibus

121 933 312 1005 niutariocti3
337 935 402 994 iude
431 933 563 1008 gehenna
585 934 705 1008 ponitur
726 952 778 1009 pro
800 935 920 1007 inferne,
948 936 1015 1008 quia
1038 932 1078 992 ibi
1101 935 1146 992 est
1168 931 1275 1007 duplex

144 1052 257 1112 poena:
280 1035 359 1096 calor
380 1041 411 1096 ot
425 1036 529 1110 frigus.
567 1037 712 1111 Septem
732 1054 852 1113 gyros.
876 1034 1307 1122 -vl13reuolutiones3idema

145 1142 192 1199 est
214 1142 337 1213 septena
357 1139 513 1211 uolumina,
529 1139 711 1212 septenarius
734 1156 871 1199 uumerus
886 1156 937 1214 pro
953 1138 1133 1213 plenitudiue
1147 1138 1274 1212 ponitur,

145 1243 215 1317 quia
237 1259 321 1302 omne
342 1243 457 1317 tempus
479 1243 565 1302 huius
581 1242 689 1303 saeculi
704 1259 756 1316 per
772 1243 847 1302 yn·
863 1242 925 1303 dies
940 1241 1082 1313 uoluitur3
1106 1241 1184 1301 unde
1198 1240 1273 1301 -vn-

144 1361 199 1420 pro
210 1344 392 1421 plenitudiue
404 1343 610 1418 demoniorum,
627 1362 700 1419 quae
712 1346 744 1405 in
756 1344 821 1419 ipse
834 1347 928 1423 eraut,
945 1345 1051 1420 posuit
1090 1344 1274 1419 vipereas

105 1470 135 1509 no
145 1448 174 1506 ·i·
197 1464 309 1507 nenena
331 1447 450 1508 diaboli.
484 1446 592 1521 Vipera
615 1447 720 1507 dicitur
735 1465 767 1507 eo
783 1448 857 1522 quod
873 1448 903 1506 ui
917 1447 1023 1522 pariat,
1039 1463 1104 1505 nam
1120 1447 1275 1507 interiecta

145 1555 241 1612 matre
269 1551 331 1610 nati
359 1553 475 1611 exeunt.
521 1551 705 1610 cessante
733 1550 760 1609 ·i-
789 1550 965 1624 quiescente.
1011 1548 1224 1611 simulastis
1246 1549 1272 1610 ·i·

144 1654 272 1714 linxistis
291 1672 322 1713 ·s·
339 1671 428 1728 praue
451 1655 584 1724 uiuendo,
607 1671 659 1728 per
680 1653 820 1713 miracula
842 1656 931 1714 bones
953 1670 1004 1713 uos
1021 1652 1157 1713 uoluistis
1174 1656 1272 1713 osten·

143 1759 211 1817 dere
235 1760 263 1816 et
285 1773 349 1816 cum
363 1757 480 1830 iniquas
496 1773 544 1817 res
560 1757 695 1830 ageretis,
712 1758 812 1816 diuina
826 1757 981 1830 fingebatis
995 1773 1048 1816 uos
1065 1772 1151 1831 opera
1166 1755 1272 1817 iacere.

142 1859 267 1929 Quidam
296 1862 373 1933 sunt,
402 1860 451 1933 qui
480 1876 545 1919 cum
572 1861 700 1920 uiderint
722 1861 855 1920 homines
879 1860 1019 1920 facientes
1042 1859 1191 1927 miracula.
1214 1874 1272 1919 uon

104 1964 237 2023 reuitam
260 1961 310 2021 sed
334 1961 472 2021 miracula
488 1964 660 2035 attenduut3
676 1965 747 2023 deus
764 1978 833 2022 uero
848 1962 944 2037 potios
960 1963 1063 2022 bonam
1079 1962 1170 2021 uitam
1185 1979 1272 2036 quam

142 2064 284 2125 miracula
305 2064 433 2138 respicit.
469 2065 702 2126 Carminibus
725 2066 751 2124 ·i·
774 2065 1028 2126 incantationibus.
1065 2064 1224 2139 Figurae
1245 2064 1272 2123 ·i·

142 2185 204 2229 uon
219 2184 304 2228 ueras
320 2170 369 2228 sed
386 2167 486 2229 falsas.
505 2169 584 2228 Nota
599 2172 644 2229 est
659 2168 797 2229 historia:
813 2170 898 2242 uirga
913 2186 996 2227 uersa
1011 2169 1040 2227 in
1055 2184 1187 2228 ueracem
1203 2169 1270 2227 dra·

143 2286 254 2331 cenem.
290 2272 368 2330 Deus
391 2274 466 2331 euim
488 2275 665 2346 potestatem
688 2274 777 2333 babet
799 2275 961 2333 creaturam
989 2289 1069 2332 suam
1092 2276 1204 2332 mutere
1226 2273 1272 2332 in·

143 2390 352 2449 quamcumque
375 2376 506 2436 uoluerit.
537 2378 615 2450 Magi
639 2393 708 2437 uero
726 2394 784 2436 nou
800 2378 909 2437 habeut
924 2378 1096 2451 potestatem
1112 2378 1272 2447 creaturae,

104 2478 198 2539 aosed
220 2476 317 2538 oculos
340 2477 512 2539 intuentium
532 2478 677 2538 lasciuaut
692 2479 718 2537 ·i·
734 2479 892 2554 decipiunt.
914 2478 1071 2540 Fascinum
1087 2478 1193 2537 dicitur
1207 2477 1273 2537 lans

142 2581 299 2653 inuidiosa,
331 2581 398 2641 inde
431 2582 551 2658 fascino,
586 2583 721 2642 lasciuae.
767 2583 858 2642 Post
884 2583 911 2641 -i·
934 2583 1064 2657 posthac.
1109 2580 1227 2641 l'acili
1246 2580 1272 2638 ·i·

143 2683 214 2756 leui,
245 2684 313 2759 quia
340 2700 402 2743 mos
430 2685 476 2741 est
505 2682 627 2742 diuitum
650 2685 683 2742 ut
709 2682 828 2742 difficile
858 2683 1028 2758 inuitentur,
1059 2683 1110 2742 sed
1139 2679 1272 2740 dominus

143 2786 226 2846 facili
248 2789 367 2862 precatu
390 2788 514 2847 uenerat
530 2786 566 2845 ad
583 2786 695 2845 domum
711 2784 854 2845 Pharisei.
883 2786 993 2844 Pharos
1010 2784 1065 2844 luit
1080 2782 1159 2844 fliius
1175 2783 1272 2853 ludeo,

142 2907 163 2947 a
185 2907 240 2963 quo
263 2890 397 2951 Pharisei
420 2890 556 2949 dicuntur·
574 2893 604 2948 et
636 2889 866 2964 interpretantur
893 2889 990 2948 diuisi.
1035 2890 1077 2949 ln
1109 2886 1270 2961 spatium

104 2994 243 3057 reutori
265 2994 293 3052 ·i·
318 2993 401 3068 quasi
434 2996 526 3053 totum
559 2994 693 3053 ellectum
726 2992 821 3053 fuerat
855 2995 966 3053 uenter.
1010 2991 1169 3065 Ydrope:
1202 2992 1273 3066 ydor

142 3110 248 3169 graece
275 3114 359 3176 aqua,
389 3096 455 3156 iudo
483 3096 638 3171 ydropicus
665 3096 826 3169 aquaticus,
854 3096 961 3170 ydrops
989 3098 1033 3154 eet
1056 3095 1271 3155 intercutaneus

141 3200 262 3258 morbus
284 3201 315 3258 at
337 3198 444 3258 dicitur
464 3198 555 3258 latine
576 3200 723 3269 aeternus,
746 3198 901 3273 ydropicus
930 3198 1047 3259 morbus
1073 3199 1121 3257 est
1142 3214 1176 3259 ex
1199 3196 1273 3258 uitio

142 3301 261 3362 uesicae
283 3304 370 3362 uetus
392 3319 457 3362 cnm
471 3303 587 3377 turgido
602 3305 704 3362 uentre
719 3304 750 3361 et
766 3302 898 3362 anhelitu
915 3301 1032 3363 foetido.
1071 3300 1270 3374 Fluuidua,

141 3405 213 3481 quia
235 3422 291 3481 quo
313 3408 379 3479 plus
401 3405 487 3481 bibit,
514 3423 547 3466 eo
570 3406 695 3480 amplius
724 3406 798 3466 sitit.
844 3405 975 3465 Lacum
998 3408 1025 3467 ·i·
1048 3422 1149 3480 corpus
1186 3404 1271 3480 ydro-

102 3508 217 3584 nepici;
253 3507 348 3568 lacum
384 3507 513 3585 appellat
547 3511 688 3586 uentrem,
726 3525 802 3583 aqua
844 3509 934 3568 ueluti
970 3512 1002 3569 in
1039 3510 1112 3569 lacu.
1162 3506 1273 3569 Adibat

142 3611 277 3671 dominus
301 3613 397 3671 domos
419 3610 593 3687 principum,
616 3628 671 3671 nou
694 3629 750 3686 quo
773 3612 915 3686 indigeret
937 3611 1151 3685 amenopolis,
1169 3610 1271 3669 sedob

142 3730 242 3775 eorum
265 3714 399 3789 famulos,
423 3714 491 3788 quia
509 3714 628 3773 seruitio
645 3715 755 3773 detenti
771 3733 834 3775 eum
850 3716 930 3775 adire
945 3731 1000 3775 nou
1017 3714 1150 3789 poterant
1165 3716 1194 3772 et
1209 3712 1272 3772 eius

141 3816 387 3893 praedicationem
401 3818 511 3888 audire,
528 3833 595 3875 narn
612 3833 702 3891 aeque
717 3816 752 3876 de
768 3818 901 3878 omnibus
914 3817 1042 3877 curabat.
1080 3817 1269 3877 Portenta.

142 3920 313 3981 Portentum
335 3923 382 3980 est
404 3922 479 3994 quod
501 3920 595 3980 subito
620 3924 739 3996 apparet
757 3924 786 3981 et
800 3920 908 3995 aliquid
924 3919 1097 3995 praetendit.
1129 3919 1209 3980 Idem
1224 3924 1272 3979 ost

197 4137 324 4242 lciuie'r
341 4173 369 4226 Δ
468 4172 501 4226 10
519 4177 611 4241 pareat
627 4174 654 4226 A
751 4172 784 4227 31
803 4172 894 4227 domos
912 4188 945 4227 ea
963 4172 1056 4226 domus
1073 4173 1101 4226 A
1199 4174 1270 4241 priu-

141 4258 216 4328 cipiu
234 4259 262 4312 Δ
363 4258 398 4313 34
414 4258 482 4325 sort.
502 4258 640 4327 portendit
