2774 4830
440 317 594 375 Pasehal.
612 318 733 389 Operis
755 318 827 376 Lib.
843 318 877 374 V.
1159 320 1225 389 293

96 515 129 575 te
157 510 257 576 solam
291 509 423 576 liuidam
449 526 511 575 non
539 509 666 575 oreanit.
709 508 865 593 scriptura
893 510 1008 593 qnippe
1034 507 1223 577 uenerabilis

96 613 188 679 dieit:
216 613 320 678 Dens
349 616 515 678 mortem
542 630 615 677 nen
644 612 752 679 feeit.
794 611 923 695 originis
956 612 1055 696 igitur
1086 614 1161 679 tuae
1194 614 1223 677 si

96 716 259 781 materiem
288 716 376 801 cupis
404 734 578 800 agnoseere‚
609 716 752 798 serpente
781 716 869 800 patre
890 715 1056 798 eenoiperis
1078 718 1110 781 et
1131 714 1224 797 eulpa

95 821 254 903 genetrice
275 819 457 901 proerearis,
478 821 532 884 aad
549 818 745 903 indulgentia
760 836 842 883 nuno
857 822 1006 901 regnante
1020 818 1223 886 consumeris.

70 944 87 985 ⁶
139 941 265 1006 Interea
280 941 408 1007 Domini
427 940 557 1023 spiritus
580 941 644 1006 iam
666 941 843 1024 decerpere
865 940 1017 1024 migrarat
1033 939 1072 1005 ad
1088 942 1222 1023 tempus,
1232 940 1273 1004 11

97 1042 271 1128 frigidaque
294 1045 394 1109 erneis
418 1044 451 1109 in
473 1045 580 1110 robore
601 1043 720 1109 Christi
741 1044 882 1109 membra
904 1042 1089 1125 pendebant,
1112 1043 1144 1107 et
1165 1041 1222 1107 ad·

95 1148 159 1211 hue
188 1147 273 1211 furor
300 1166 388 1212 arma
414 1165 476 1212 non
506 1148 650 1213 deserens
678 1146 821 1212 inimicae
851 1147 958 1211 manni
985 1147 1127 1212 laneeam
1148 1146 1222 1211 snb·

96 1251 258 1316 ministrat
286 1250 411 1333 ictuque
438 1250 556 1316 nefario
585 1250 667 1316 latus
696 1252 821 1316 Domini
850 1250 941 1333 plaga
963 1248 1098 1315 uiolauit
1118 1248 1221 1327 infixa,

97 1355 199 1419 altum
221 1352 336 1418 uulnus
365 1351 506 1435 aperiens
528 1372 565 1419 ao
587 1354 756 1435 defossum,
783 1372 836 1436 per
858 1352 938 1437 qnod
960 1352 1087 1436 sangnis
1108 1350 1224 1433 pariter

57 1461 129 1520 root
157 1474 238 1538 aqna
265 1456 431 1521 fluxerunt.
471 1475 489 1521 o
517 1475 612 1538 qnam
639 1455 792 1522 eutholieo
822 1454 962 1537 dogmati
989 1455 1125 1521 sociatur
1147 1454 1224 1519 haee

97 1562 205 1623 eausa!
229 1576 246 1623 e
270 1564 423 1641 qnantum
441 1559 609 1625 Trinitatis
631 1559 703 1624 fidei
719 1560 905 1624 conueniunt
921 1559 996 1624 haee
1012 1558 1222 1623 sacramenta!

97 1679 211 1743 eorpus
232 1680 368 1744 namque
397 1661 526 1746 sanguis
550 1665 582 1726 et
603 1680 684 1745 aqna
716 1663 779 1727 tria
806 1664 890 1727 uitae
911 1665 1033 1728 nestrae
1055 1661 1131 1727 sunt
1152 1678 1223 1725 mu·

97 1783 182 1829 nera.
216 1782 323 1830 omnes
347 1768 439 1843 enim,
463 1764 516 1848 qui
532 1763 654 1830 Christo
672 1765 744 1830 dnoi
767 1784 824 1830 nos
847 1765 1010 1840 tradimus,
1025 1765 1057 1829 in
1072 1781 1223 1846 aquarum

96 1866 183 1932 fonte
210 1868 404 1932 renaseimur
431 1869 558 1950 eiusque
580 1885 691 1951 eorpus
713 1870 745 1933 et
772 1867 957 1950 sangninem
979 1870 1137 1931 sumentes
1160 1866 1224 1932 edi·

57 1987 168 2039 mmus
191 1987 227 2034 ae
249 1978 406 2054 potamus,
429 1971 466 2035 ut
488 1971 640 2054 templum
668 1972 770 2036 saneti
792 1969 928 2053 Spiritus
950 1988 1017 2035 esse
1038 1986 1223 2034 mereamur.

96 2091 170 2138 nam
193 2075 225 2138 et
246 2073 365 2138 Paulus
392 2076 552 2158 apostolus
581 2075 628 2140 ita
657 2074 797 2157 loquitur
818 2074 941 2140 dieens:
968 2071 1223 2151 sunamitis,

97 2179 187 2260 quia
207 2177 394 2259 templum
423 2177 494 2242 Dei
523 2180 621 2242 estis
651 2182 687 2242 et
708 2176 886 2260 Spiritus
908 2175 980 2244 Dei
1001 2175 1161 2241 habitat
1183 2174 1224 2240 in

96 2279 233 2345 nobie?
254 2283 335 2362 quod
363 2285 399 2345 ut
428 2280 582 2345 Dominus
604 2281 710 2346 iubeat
736 2280 890 2364 templum
917 2296 974 2344 nos
996 2277 1224 2344 inmaculatum

95 2401 202 2465 gerere
224 2382 446 2465 supplicemus,
472 2390 625 2466 quatenns
647 2386 795 2468 angustos
820 2385 851 2449 et
874 2383 982 2448 tennes
1004 2383 1112 2448 tantum
1133 2399 1223 2446 man-

58 2504 148 2559 „sor
169 2486 230 2552 sibi
251 2484 350 2551 faeiat
371 2488 498 2553 idoneos
519 2488 553 2551 et
575 2504 711 2569 oapaees.

199 2722 295 2792 DSep.
315 2724 338 2791 1,
359 2723 391 2778 13
495 2720 636 2778 161001.
654 2722 679 2786 3,
699 2722 733 2775 16

150 2948 163 3001 1
183 2946 296 3001 libidam
315 2945 360 2999 ΒΙ
457 2945 474 2999 2
491 2944 623 2999 Dominus
641 2944 722 3000 HBo
818 2943 892 3013 feeit]
911 2942 942 3011 (f,
960 2958 974 2997 e
991 2943 1023 2996 ia
1039 2946 1105 3007 rae.)
1125 2940 1160 2994 H

95 3052 192 3122 igitur]
210 3036 229 3106 't
248 3067 270 3107 a.
286 3052 305 3107 1.
331 3052 359 3106 Β
460 3050 478 3105 3
503 3048 647 3104 materiam
674 3047 733 3103 ΗΒ
838 3046 995 3116 conciperis]
1018 3045 1038 3113 i¹
1063 3061 1097 3100 eo
1117 3060 1132 3099 e
1153 3058 1224 3099 corr.

94 3156 136 3221 Β,
165 3156 314 3224 oenoeperis
335 3155 390 3210 Col.
409 3153 477 3208 Por.
580 3152 659 3220 eulpa
681 3151 709 3206 Β
811 3150 829 3204 4
852 3149 984 3220 genitrice
1004 3148 1032 3202 Β
1135 3146 1225 3202 indul-

94 3260 216 3330 gentiam
234 3258 262 3312 Β
362 3257 535 3312 eonsnmeeris
552 3256 591 3323 (m
609 3257 691 3319 erae.)
710 3254 738 3308 Β
839 3254 855 3307 5
873 3240 1096 3309 ua1uauvaff1
1113 3264 1226 3305 uacua

95 3377 285 3419 numnam
301 3361 373 3430 RH,
405 3360 437 3414 de
455 3360 547 3414 laneea
564 3359 593 3412 in
606 3358 689 3413 latere
701 3356 804 3413 Christi
822 3372 839 3412 o
856 3356 939 3424 (latus
953 3356 1038 3423 Gon.)
1124 3358 1225 3423 migrat

95 3459 168 3525 RH,
197 3456 327 3526 migrauit
348 3456 391 3521 Β,
421 3456 551 3524 migrarat
573 3470 591 3508 o
612 3452 764 3519 1116285
866 3450 996 3506 'imanni
1018 3464 1053 3505 ea
1069 3448 1163 3502 mnnni
1186 3446 1224 3511 Β,

95 3567 226 3608 mannae
327 3550 452 3605 Delium
477 3564 528 3604 om.
551 3548 579 3602 Β
681 3547 821 3617 apparione
842 3546 870 3600 Β
971 3545 1107 3613 defossum
1130 3541 1156 3595 Β

96 3635 260 3708 sanguineo
278 3637 334 3690 -nis
351 3634 470 3690 13:12
566 3634 599 3689 10
616 3634 654 3703 et]
673 3649 724 3688 om.
741 3633 770 3689 11
862 3648 946 3703 aquae
963 3630 1013 3686 Bo
1108 3628 1226 3683 satiatur

94 3742 124 3795 Β
234 3742 267 3795 11
292 3743 440 3809 quamtum
467 3737 495 3792 Β
598 3719 655 3791 fide¹
681 3736 716 3790 Η
824 3734 1000 3803 sacramenta]
1026 3735 1059 3787 io
1084 3748 1171 3802 marg.
1197 3732 1226 3785 ι1

95 3830 198 3883 saerata
219 3827 260 3893 R,
289 3827 395 3881 saerata
417 3823 498 3878 HBo
608 3823 640 3877 12
663 3822 747 3892 uitae]
770 3824 877 3876 nostrae
899 3837 950 3875 om.
973 3820 1001 3875 R
1105 3818 1138 3872 13
1160 3814 1226 3871 duee

94 3928 112 3969 o
211 3927 259 3965 nos
276 3910 418 3979 tradimus]
437 3912 557 3964 nostram
574 3908 619 3971 H,
646 3908 729 3977 nostri
746 3907 789 3971 B,
815 3910 941 3961 nostroe
1039 3901 1223 3971 iu-edimual

93 4000 126 4054 e‘a
143 4014 194 4069 sup.
212 3996 276 4052 odet
295 3996 323 4051 Β
427 3996 460 4050 14
481 3995 598 4063 eiusque]
621 4009 672 4063 qne
690 4008 761 4048 erae.
784 3992 828 4057 Η,
858 4008 907 4046 om.
931 4006 947 4045 o
1051 3990 1083 4045 15
1108 4005 1128 4042 a.
1147 3988 1227 4058 epiri-

94 4087 142 4139 tns
158 4084 290 4153 templum
313 4082 378 4148 He,
407 4080 537 4151 templum
555 4078 651 4148 orati)
668 4078 696 4132 Β
801 4079 833 4133 16
856 4076 999 4146 Apostolus
1017 4074 1118 4129 Paulus
1141 4090 1158 4129 o

95 4170 129 4227 11
148 4171 274 4240 quoniam
292 4168 341 4223 Bo
426 4168 539 4237 spiritus
558 4168 668 4221 sanetum
686 4162 766 4219 HBo
857 4164 890 4217 18
908 4161 980 4217 iubet
997 4161 1025 4215 Β
1112 4160 1145 4215 19
1162 4174 1228 4228 qua·

93 4256 217 4312 th
319 4252 540 4309 mmmm
