2774 4830
120 317 185 383 320
592 314 773 385 appendix.

116 512 192 571 sicut
226 510 298 571 dicit
333 507 456 570 ‘Pascha
488 506 625 570 nostrum‘
658 510 684 570 ·i·
715 510 958 583 Christianorum,
988 522 1047 570 ncn
1077 510 1253 572 Iudaeorum

119 613 292 677 ‘immolatus
315 618 360 675 est
384 610 536 675 christne'.
565 614 613 673 Illi
636 614 783 673 habebant
797 615 908 688 pascha
924 614 1091 689 pecuinam,
1115 632 1171 676 noa
1186 633 1252 677 uero

19 718 256 788 prardiuinum.
288 719 357 778 Cum
380 718 451 779 dicit
473 734 549 779 cum
571 720 676 793 patre
698 720 735 777 et
757 717 899 791 spiritu
920 721 1047 778 sancto
1069 719 1252 779 demonstrat

117 839 166 884 eos
181 825 211 883 in
236 824 386 884 diuinitate
409 839 474 883 esse
490 821 636 898 aequales,
660 820 727 894 qnia
742 820 860 881 Arriani
883 821 1015 881 dicebaut
1040 818 1151 896 ‘gratia
1173 822 1250 896 patri

118 925 148 986 in
171 923 250 998 filio',
273 927 362 987 lilium
386 926 522 985 minorem
544 926 626 999 patre
649 929 820 987 asserentes.
1268 939 1278 977 a

489 1210 551 1295 IN
587 1208 810 1293 LIBRVM
845 1208 873 1290 Ι.

20 1437 109 1479 v.1-a
161 1414 369 1479 Paschales
391 1420 419 1477 ·i·
442 1418 605 1478 sollemnes.
639 1417 831 1492 bletapborice
854 1416 1009 1491 alloquitur
1032 1416 1174 1479 lectorem
1196 1421 1248 1478 sub

116 1522 211 1597 specio
244 1524 381 1583 conuiuae
415 1522 544 1581 inuitans
579 1523 614 1580 ad
649 1519 784 1594 paschale
806 1536 921 1579 carmen
951 1518 1041 1579 ueluti
1071 1523 1108 1581 ad
1137 1538 1246 1581 cenam.

116 1626 273 1687 Pasobales
295 1627 380 1686 uocat
395 1624 484 1699 dapes
500 1624 642 1684 caelestia
657 1623 801 1700 mysteria.
841 1624 1044 1699 Dignatus,
1061 1626 1248 1700 participium

116 1746 167 1804 pro
192 1728 279 1791 uerbo
303 1731 329 1790 ·i·
354 1730 483 1802 dignare.
528 1728 760 1788 Accubitaro
783 1727 863 1801 dicit,
887 1728 955 1801 quia
977 1727 1091 1802 antiqui
1114 1728 1273 1789 cubandoro

115 1834 307 1906 prandebant.
345 1831 607 1907 Suparcilium:
632 1834 730 1892 cilium
752 1832 856 1889 dicitnr
878 1848 945 1905 pars
962 1831 1091 1904 corporis
1108 1832 1135 1889 ·i·
1152 1832 1245 1905 pallis,

115 1952 173 2010 qua
193 1940 335 2012 teguntur
350 1936 440 2006 oculi;
466 1932 579 1995 ‘cillere‘
605 1935 703 1995 dicunt
718 1935 818 1995 Graeci
835 1951 958 2008 mouere,
976 1934 1042 1993 inde
1058 1935 1128 1994 cilia
1144 1934 1245 1994 dicun·

115 2041 163 2098 tur
196 2059 214 2100 a
246 2042 396 2112 mouendo,
431 2040 507 2100 sicut
535 2040 690 2114 palpebrae
719 2056 736 2097 a
765 2037 943 2113 palpitando.
978 2037 1055 2096 Hinc
1090 2038 1246 2112 supercilia

117 2142 252 2203 dicuntur
274 2143 337 2219 pili,
360 2145 409 2219 qui
432 2144 628 2218 supermiuent
651 2142 750 2203 oculis.
779 2143 898 2200 Ponitur
921 2141 968 2200 hic
991 2141 1181 2216 supercilium
1196 2159 1245 2216 pru

116 2247 261 2321 superbia,
290 2263 363 2320 quae
392 2245 515 2306 maxime
539 2244 628 2306 caulis
651 2244 885 2321 deprehenditur.
931 2246 1026 2306 Pone
1047 2260 1100 2317 pro
1124 2246 1274 2319 deponas

117 2352 147 2408 et
175 2353 219 2409 ast
243 2350 418 2424 aphaeresis.
453 2350 515 2409 Hoc
542 2366 657 2409 carmen
687 2349 750 2409 idco
780 2348 917 2422 paschale
948 2351 1041 2420 uocat,
1069 2347 1140 2421 quia
1168 2347 1245 2408 illius

116 2455 185 2527 agui
212 2452 291 2513 iacta
318 2456 427 2524 narrat,
457 2453 505 2527 qui
538 2447 653 2527 ‘pascha
681 2455 809 2512 nostrum
833 2451 998 2510 immolatus
1021 2453 1069 2510 est
1091 2446 1243 2511 Christns'.

117 2555 328 2630 cognoscas
364 2557 390 2614 .i.
425 2555 594 2628 intellegas;
628 2556 707 2614 inter
740 2571 910 2628 cognoscere
938 2557 967 2612 at
1000 2570 1161 2628 agnomre
1194 2555 1244 2613 hoc

117 2658 222 2719 distat:
247 2660 443 2732 cognoscimus
466 2678 537 2734 quos
560 2677 706 2733 nunqnam
727 2638 863 2732 uidimus,
893 2660 1078 2732 agnoscimus
1099 2675 1174 2733 quos
1189 2659 1244 2717 iam

117 2762 249 2822 uidimus.
293 2764 471 2835 Amicum,
494 2765 602 2823 amicus
625 2764 708 2837 quasi
732 2764 820 2823 animi
843 2770 941 2821 custos
957 2761 1003 2822 uel
1020 2761 1111 2822 animi
1127 2779 1277 2836 aequusso

116 2865 298 2926 Artificis
318 2867 342 2924 -i·
360 2867 519 2927 artificalis.
552 2869 606 2927 Est
623 2871 718 2926 autam
734 2866 882 2926 artificalis
899 2866 985 2925 codex
1001 2864 1164 2939 pompatice
1179 2881 1246 2924 con·

115 2969 228 3044 positus
251 2971 407 3031 secularem
430 2973 555 3030 retinens
574 2957 777 3045 eloquentiam,
801 2969 893 3028 diuini
908 2971 1001 3028 autem
1024 2968 1093 3026 libri
1109 2969 1196 3027 nudis
1218 2971 1248 3028 et

115 3072 295 3147 simplicibus
311 3077 445 3134 constant
459 3075 564 3134 uerbis.
583 3075 731 3134 Saciare
746 3075 772 3132 ·i·
789 3074 908 3148 replere,
924 3072 996 3131 acsi
1013 3072 1137 3131 diceret:
1154 3072 1248 3144 magis

117 3176 203 3234 debes
227 3178 330 3248 repleri
353 3179 416 3238 cibo
439 3176 565 3251 spiritali
589 3194 673 3251 quam
697 3176 847 3250 corporali.
876 3176 961 3236 Cibus
977 3179 1022 3235 est
1037 3177 1134 3234 uicina
1150 3176 1248 3234 motus

116 3278 177 3336 esni
201 3277 346 3337 hominum
370 3282 483 3337 tantum
506 3281 599 3351 aptus,
627 3293 691 3335 nam
708 3276 883 3351 reliquorum
900 3275 1070 3334 animalium
1086 3272 1187 3335 crudis
1204 3277 1279 3337 estas

116 3380 219 3440 uictus.
255 3380 329 3440 Hinc
357 3385 386 3440 et
415 3382 490 3455 apud
521 3381 645 3439 Graecos
674 3383 702 3438 et
730 3378 813 3438 homo
836 3380 867 3438 el
889 3379 972 3438 cibus
996 3378 1090 3437 brosis
1115 3380 1247 3445 uocatur,

116 3485 247 3558 acquod
276 3485 355 3544 solus
389 3484 421 3543 in
454 3481 628 3542 animalibus
651 3485 731 3547 cocto
755 3482 817 3541 cibo
840 3482 949 3543 utatur.
994 3479 1104 3540 Oanis
1130 3481 1158 3539 ·i·
1182 3498 1247 3540 oar·

220 3705 233 3754 l
256 3699 289 3754 cf.
308 3699 321 3752 1
340 3699 399 3754 Cor.
418 3702 442 3763 5,
462 3701 477 3752 7

168 3909 185 3961 5
202 3908 319 3976 Explicit
335 3896 412 3964 unffi
427 3909 452 3962 A
474 3895 562 3962 lunum
580 3920 664 3962 nunna
681 3921 701 3958 s.
720 3906 736 3957 l.
755 3921 790 3959 m.
803 3906 848 3961 2).
884 3902 991 3970 explicit
1010 3900 1135 3969 Epistola
1152 3901 1180 3956 B

118 4030 151 4084 ra
167 4002 263 4098 inim
279 4031 320 4095 A,
350 4028 429 4083 ruere
451 4028 478 4083 n
565 4015 615 4082 alc
631 4034 653 4093 a
667 4043 700 4080 ea
713 4033 736 4092 r)
755 4026 796 4087 n,
825 4011 876 4078 ufir
896 4024 922 4077 n
1010 4021 1043 4077 14
1061 4021 1133 4076 oaun
1152 4022 1182 4076 s

119 4134 150 4186 15
170 4102 263 4187 oculos
286 4133 342 4186 AB
437 4132 485 4205 Ι16
509 4130 626 4217 alferesis
647 4134 686 4191 Δ,
720 4112 860 4213 effereatis·
879 4128 906 4180 B
1011 4124 1041 4178 17
1061 4126 1159 4178 narrat
1176 4106 1253 4180 bet,

119 4252 144 4307 B
248 4253 281 4305 20
299 4268 380 4320 aquus
398 4252 453 4305 AB
555 4252 589 4304 26
607 4251 691 4319 prosis
709 4251 764 4304 AB
