<?xml version="1.0" encoding="UTF-8"?>
<!DOCTYPE html PUBLIC "-//W3C//DTD XHTML 1.0 Transitional//EN"
    "http://www.w3.org/TR/xhtml1/DTD/xhtml1-transitional.dtd">
<html xmlns="http://www.w3.org/1999/xhtml" xml:lang="en" lang="en">
 <head>
  <title>
</title>
<meta http-equiv="Content-Type" content="text/html;charset=utf-8" />
  <meta name='ocr-system' content='tesseract 3.04.00' />
  <meta name='ocr-capabilities' content='ocr_page ocr_carea ocr_par ocr_line ocrx_word'/>
</head>
<body>
  <div class='ocr_page' id='page_1' title='image "./sedvliioperaomn01remigoog_0409.png"; bbox 0 0 2774 4830; ppageno 0'>
   <div class='ocr_carea' id='block_1_1' title="bbox 535 322 1279 393">
    <p class='ocr_par' dir='ltr' id='par_1_1' title="bbox 535 322 1279 393">
     <span class='ocr_line' id='line_1_1' title="bbox 535 322 1279 393; baseline 0 -16"><span class='ocrx_word' id='word_1_1' title='bbox 535 324 683 392; x_wconf 79' lang='lat' dir='ltr'>Remigii</span> <span class='ocrx_word' id='word_1_2' title='bbox 707 325 886 393; x_wconf 78' lang='lat' dir='ltr'>expositio.</span> <span class='ocrx_word' id='word_1_3' title='bbox 1214 322 1279 390; x_wconf 83' lang='lat'>345</span> 
     </span>
    </p>
   </div>
   <div class='ocr_carea' id='block_1_2' title="bbox 100 517 1379 4095">
    <p class='ocr_par' dir='ltr' id='par_1_2' title="bbox 100 517 1379 4095">
     <span class='ocr_line' id='line_1_2' title="bbox 145 517 1379 593; baseline 0.002 -17"><span class='ocrx_word' id='word_1_4' title='bbox 145 520 181 577; x_wconf 92' lang='lat' dir='ltr'>de</span> <span class='ocrx_word' id='word_1_5' title='bbox 207 518 307 576; x_wconf 86' lang='lat' dir='ltr'>littera</span> <span class='ocrx_word' id='word_1_6' title='bbox 329 518 437 576; x_wconf 87' lang='lat' dir='ltr'>transit</span> <span class='ocrx_word' id='word_1_7' title='bbox 458 519 493 577; x_wconf 87' lang='lat' dir='ltr'>ad</span> <span class='ocrx_word' id='word_1_8' title='bbox 510 517 671 591; x_wconf 88' lang='lat' dir='ltr'>spiritalem</span> <span class='ocrx_word' id='word_1_9' title='bbox 696 520 883 579; x_wconf 87' lang='lat' dir='ltr'>intellectum.</span> <span class='ocrx_word' id='word_1_10' title='bbox 916 521 1074 579; x_wconf 82' lang='lat' dir='ltr'>Amoeno</span> <span class='ocrx_word' id='word_1_11' title='bbox 1096 521 1123 579; x_wconf 89' lang='lat' dir='ltr'>·i·</span> <span class='ocrx_word' id='word_1_12' title='bbox 1147 518 1306 593; x_wconf 69' lang='lat' dir='ltr'>pulchros·</span> <span class='ocrx_word' id='word_1_13' title='bbox 1377 541 1379 549; x_wconf 51' lang='lat'><strong>¹</strong></span> 
     </span>
     <span class='ocr_line' id='line_1_3' title="bbox 144 619 1279 696; baseline 0.001 -17"><span class='ocrx_word' id='word_1_14' title='bbox 144 623 290 680; x_wconf 78' lang='lat' dir='ltr'>Amoenus</span> <span class='ocrx_word' id='word_1_15' title='bbox 319 619 399 679; x_wconf 87' lang='lat' dir='ltr'>loeus</span> <span class='ocrx_word' id='word_1_16' title='bbox 430 619 536 679; x_wconf 86' lang='lat' dir='ltr'>dieitur</span> <span class='ocrx_word' id='word_1_17' title='bbox 565 624 651 695; x_wconf 88' lang='lat' dir='ltr'>aptus</span> <span class='ocrx_word' id='word_1_18' title='bbox 674 622 827 696; x_wconf 86' lang='lat' dir='ltr'>uoluptati.</span> <span class='ocrx_word' id='word_1_19' title='bbox 873 624 1001 681; x_wconf 85' lang='lat' dir='ltr'>Palma.</span> <span class='ocrx_word' id='word_1_20' title='bbox 1039 623 1139 682; x_wconf 86' lang='lat' dir='ltr'>Palma</span> <span class='ocrx_word' id='word_1_21' title='bbox 1171 621 1279 680; x_wconf 86' lang='lat' dir='ltr'>dieitur</span> 
     </span>
     <span class='ocr_line' id='line_1_4' title="bbox 144 722 1276 799; baseline 0.001 -18"><span class='ocrx_word' id='word_1_22' title='bbox 144 723 229 796; x_wconf 84' lang='lat' dir='ltr'>quasi</span> <span class='ocrx_word' id='word_1_23' title='bbox 267 723 346 796; x_wconf 84' lang='lat' dir='ltr'>pacis</span> <span class='ocrx_word' id='word_1_24' title='bbox 379 722 465 799; x_wconf 89' lang='lat' dir='ltr'>alma,</span> <span class='ocrx_word' id='word_1_25' title='bbox 501 739 534 782; x_wconf 94' lang='lat' dir='ltr'>eo</span> <span class='ocrx_word' id='word_1_26' title='bbox 567 725 641 797; x_wconf 90' lang='lat' dir='ltr'>quod</span> <span class='ocrx_word' id='word_1_27' title='bbox 676 725 834 785; x_wconf 85' lang='lat' dir='ltr'>uictoribus</span> <span class='ocrx_word' id='word_1_28' title='bbox 868 726 954 785; x_wconf 88' lang='lat' dir='ltr'>datur</span> <span class='ocrx_word' id='word_1_29' title='bbox 987 727 1032 785; x_wconf 90' lang='lat' dir='ltr'>uel</span> <span class='ocrx_word' id='word_1_30' title='bbox 1065 742 1098 785; x_wconf 90' lang='lat' dir='ltr'>eo</span> <span class='ocrx_word' id='word_1_31' title='bbox 1132 726 1205 798; x_wconf 88' lang='lat' dir='ltr'>quod</span> <span class='ocrx_word' id='word_1_32' title='bbox 1240 724 1276 783; x_wconf 88' lang='lat' dir='ltr'>ad</span> 
     </span>
     <span class='ocr_line' id='line_1_5' title="bbox 144 826 1277 900; baseline -0.001 -15"><span class='ocrx_word' id='word_1_33' title='bbox 144 826 363 885; x_wconf 87' lang='lat' dir='ltr'>similitudinem</span> <span class='ocrx_word' id='word_1_34' title='bbox 407 843 507 884; x_wconf 91' lang='lat' dir='ltr'>manns</span> <span class='ocrx_word' id='word_1_35' title='bbox 543 829 583 885; x_wconf 90' lang='lat' dir='ltr'>sit</span> <span class='ocrx_word' id='word_1_36' title='bbox 624 828 724 888; x_wconf 88' lang='lat' dir='ltr'>insite.</span> <span class='ocrx_word' id='word_1_37' title='bbox 780 830 820 888; x_wconf 84' lang='lat' dir='ltr'>Et</span> <span class='ocrx_word' id='word_1_38' title='bbox 855 829 927 887; x_wconf 92' lang='lat' dir='ltr'>bene</span> <span class='ocrx_word' id='word_1_39' title='bbox 963 830 1058 888; x_wconf 89' lang='lat' dir='ltr'>iustus</span> <span class='ocrx_word' id='word_1_40' title='bbox 1095 828 1277 900; x_wconf 85' lang='lat' dir='ltr'>comparatur</span> 
     </span>
     <span class='ocr_line' id='line_1_6' title="bbox 121 928 1276 1004; baseline 0.002 -20"><span class='ocrx_word' id='word_1_41' title='bbox 121 931 268 1004; x_wconf 69' lang='lat' dir='ltr'>spelman,</span> <span class='ocrx_word' id='word_1_42' title='bbox 306 928 374 1001; x_wconf 89' lang='lat' dir='ltr'>quia</span> <span class='ocrx_word' id='word_1_43' title='bbox 411 946 468 988; x_wconf 93' lang='lat' dir='ltr'>non</span> <span class='ocrx_word' id='word_1_44' title='bbox 505 930 592 988; x_wconf 90' lang='lat' dir='ltr'>habet</span> <span class='ocrx_word' id='word_1_45' title='bbox 628 932 724 1003; x_wconf 90' lang='lat' dir='ltr'>palma</span> <span class='ocrx_word' id='word_1_46' title='bbox 761 931 959 991; x_wconf 87' lang='lat' dir='ltr'>fortitudinem</span> <span class='ocrx_word' id='word_1_47' title='bbox 997 933 1026 990; x_wconf 94' lang='lat' dir='ltr'>et</span> <span class='ocrx_word' id='word_1_48' title='bbox 1058 931 1276 990; x_wconf 79' lang='lat' dir='ltr'>fundamentum</span> 
     </span>
     <span class='ocr_line' id='line_1_7' title="bbox 144 1032 1277 1109; baseline 0 -19"><span class='ocrx_word' id='word_1_49' title='bbox 144 1034 175 1090; x_wconf 93' lang='lat' dir='ltr'>in</span> <span class='ocrx_word' id='word_1_50' title='bbox 200 1032 305 1105; x_wconf 88' lang='lat' dir='ltr'>radice,</span> <span class='ocrx_word' id='word_1_51' title='bbox 329 1033 405 1090; x_wconf 88' lang='lat' dir='ltr'>sicut</span> <span class='ocrx_word' id='word_1_52' title='bbox 428 1032 501 1090; x_wconf 88' lang='lat' dir='ltr'>aliae</span> <span class='ocrx_word' id='word_1_53' title='bbox 523 1034 652 1109; x_wconf 85' lang='lat' dir='ltr'>arbores,</span> <span class='ocrx_word' id='word_1_54' title='bbox 676 1034 727 1093; x_wconf 88' lang='lat' dir='ltr'>sed</span> <span class='ocrx_word' id='word_1_55' title='bbox 745 1035 828 1093; x_wconf 84' lang='lat' dir='ltr'>exilis</span> <span class='ocrx_word' id='word_1_56' title='bbox 844 1038 889 1095; x_wconf 91' lang='lat' dir='ltr'>est</span> <span class='ocrx_word' id='word_1_57' title='bbox 904 1037 932 1093; x_wconf 87' lang='lat' dir='ltr'>et</span> <span class='ocrx_word' id='word_1_58' title='bbox 947 1036 977 1094; x_wconf 93' lang='lat' dir='ltr'>in</span> <span class='ocrx_word' id='word_1_59' title='bbox 993 1033 1157 1094; x_wconf 87' lang='lat' dir='ltr'>summitate</span> <span class='ocrx_word' id='word_1_60' title='bbox 1179 1049 1277 1092; x_wconf 84' lang='lat' dir='ltr'>crassa</span> 
     </span>
     <span class='ocr_line' id='line_1_8' title="bbox 144 1134 1276 1211; baseline 0.002 -19"><span class='ocrx_word' id='word_1_61' title='bbox 144 1135 242 1209; x_wconf 81' lang='lat' dir='ltr'>ibique</span> <span class='ocrx_word' id='word_1_62' title='bbox 279 1135 368 1192; x_wconf 86' lang='lat' dir='ltr'>habet</span> <span class='ocrx_word' id='word_1_63' title='bbox 404 1134 637 1206; x_wconf 85' lang='lat' dir='ltr'>fundamentum,</span> <span class='ocrx_word' id='word_1_64' title='bbox 681 1138 723 1195; x_wconf 87' lang='lat' dir='ltr'>ita</span> <span class='ocrx_word' id='word_1_65' title='bbox 760 1142 789 1197; x_wconf 88' lang='lat' dir='ltr'>et</span> <span class='ocrx_word' id='word_1_66' title='bbox 826 1138 918 1196; x_wconf 84' lang='lat' dir='ltr'>saneti</span> <span class='ocrx_word' id='word_1_67' title='bbox 956 1156 1015 1197; x_wconf 93' lang='lat' dir='ltr'>non</span> <span class='ocrx_word' id='word_1_68' title='bbox 1052 1136 1209 1211; x_wconf 84' lang='lat' dir='ltr'>respiciunt</span> <span class='ocrx_word' id='word_1_69' title='bbox 1246 1136 1276 1194; x_wconf 89' lang='lat' dir='ltr'>in</span> 
     </span>
     <span class='ocr_line' id='line_1_9' title="bbox 143 1240 1276 1300; baseline 0.001 -5"><span class='ocrx_word' id='word_1_70' title='bbox 143 1240 254 1296; x_wconf 87' lang='lat' dir='ltr'>terram</span> <span class='ocrx_word' id='word_1_71' title='bbox 284 1254 336 1296; x_wconf 90' lang='lat' dir='ltr'>nec</span> <span class='ocrx_word' id='word_1_72' title='bbox 366 1242 467 1296; x_wconf 87' lang='lat' dir='ltr'>curant</span> <span class='ocrx_word' id='word_1_73' title='bbox 490 1240 524 1297; x_wconf 90' lang='lat' dir='ltr'>de</span> <span class='ocrx_word' id='word_1_74' title='bbox 553 1241 677 1299; x_wconf 88' lang='lat' dir='ltr'>terrenis</span> <span class='ocrx_word' id='word_1_75' title='bbox 709 1258 741 1298; x_wconf 91' lang='lat' dir='ltr'>·s·</span> <span class='ocrx_word' id='word_1_76' title='bbox 769 1241 798 1298; x_wconf 93' lang='lat' dir='ltr'>in</span> <span class='ocrx_word' id='word_1_77' title='bbox 822 1241 996 1300; x_wconf 86' lang='lat' dir='ltr'>caelestibus</span> <span class='ocrx_word' id='word_1_78' title='bbox 1026 1241 1138 1299; x_wconf 85' lang='lat' dir='ltr'>habent</span> <span class='ocrx_word' id='word_1_79' title='bbox 1164 1256 1276 1298; x_wconf 88' lang='lat' dir='ltr'>omnem</span> 
     </span>
     <span class='ocr_line' id='line_1_10' title="bbox 143 1340 1276 1417; baseline 0.003 -19"><span class='ocrx_word' id='word_1_80' title='bbox 143 1340 356 1402; x_wconf 83' lang='lat' dir='ltr'>fortitudinem.</span> <span class='ocrx_word' id='word_1_81' title='bbox 401 1342 559 1402; x_wconf 86' lang='lat' dir='ltr'>Libanus</span> <span class='ocrx_word' id='word_1_82' title='bbox 583 1360 664 1402; x_wconf 89' lang='lat' dir='ltr'>mons</span> <span class='ocrx_word' id='word_1_83' title='bbox 687 1347 732 1401; x_wconf 91' lang='lat' dir='ltr'>est</span> <span class='ocrx_word' id='word_1_84' title='bbox 755 1345 786 1402; x_wconf 93' lang='lat' dir='ltr'>in</span> <span class='ocrx_word' id='word_1_85' title='bbox 809 1346 906 1417; x_wconf 82' lang='lat' dir='ltr'>ludes,</span> <span class='ocrx_word' id='word_1_86' title='bbox 931 1346 979 1403; x_wconf 90' lang='lat' dir='ltr'>ubi</span> <span class='ocrx_word' id='word_1_87' title='bbox 1006 1344 1164 1404; x_wconf 88' lang='lat' dir='ltr'>nascuntur</span> <span class='ocrx_word' id='word_1_88' title='bbox 1189 1341 1276 1411; x_wconf 85' lang='lat' dir='ltr'>cedri,</span> 
     </span>
     <span class='ocr_line' id='line_1_11' title="bbox 106 1444 1275 1520; baseline 0.004 -21"><span class='ocrx_word' id='word_1_89' title='bbox 106 1444 305 1505; x_wconf 81' lang='lat' dir='ltr'>ronltissimae</span> <span class='ocrx_word' id='word_1_90' title='bbox 328 1446 446 1505; x_wconf 87' lang='lat' dir='ltr'>arbores</span> <span class='ocrx_word' id='word_1_91' title='bbox 468 1450 496 1504; x_wconf 91' lang='lat' dir='ltr'>et</span> <span class='ocrx_word' id='word_1_92' title='bbox 519 1446 727 1520; x_wconf 87' lang='lat' dir='ltr'>interpretatur</span> <span class='ocrx_word' id='word_1_93' title='bbox 749 1448 878 1507; x_wconf 81' lang='lat' dir='ltr'>Libanus</span> <span class='ocrx_word' id='word_1_94' title='bbox 901 1448 1056 1506; x_wconf 88' lang='lat' dir='ltr'>dealbatio.</span> <span class='ocrx_word' id='word_1_95' title='bbox 1094 1445 1275 1504; x_wconf 71' lang='lat' dir='ltr'>lacendo:</span> 
     </span>
     <span class='ocr_line' id='line_1_12' title="bbox 144 1546 1276 1621; baseline 0 -16"><span class='ocrx_word' id='word_1_96' title='bbox 144 1548 215 1621; x_wconf 85' lang='lat' dir='ltr'>quia</span> <span class='ocrx_word' id='word_1_97' title='bbox 237 1549 355 1607; x_wconf 88' lang='lat' dir='ltr'>tacendo</span> <span class='ocrx_word' id='word_1_98' title='bbox 380 1550 588 1608; x_wconf 87' lang='lat' dir='ltr'>demonstrauit</span> <span class='ocrx_word' id='word_1_99' title='bbox 611 1567 642 1609; x_wconf 92' lang='lat' dir='ltr'>se</span> <span class='ocrx_word' id='word_1_100' title='bbox 666 1553 774 1608; x_wconf 86' lang='lat' dir='ltr'>mutum</span> <span class='ocrx_word' id='word_1_101' title='bbox 790 1566 864 1621; x_wconf 88' lang='lat' dir='ltr'>esse,</span> <span class='ocrx_word' id='word_1_102' title='bbox 887 1568 950 1609; x_wconf 85' lang='lat' dir='ltr'>curu</span> <span class='ocrx_word' id='word_1_103' title='bbox 968 1550 1084 1609; x_wconf 89' lang='lat' dir='ltr'>solitum</span> <span class='ocrx_word' id='word_1_104' title='bbox 1100 1550 1140 1608; x_wconf 91' lang='lat' dir='ltr'>sit</span> <span class='ocrx_word' id='word_1_105' title='bbox 1153 1546 1276 1607; x_wconf 90' lang='lat' dir='ltr'>homiui-</span> 
     </span>
     <span class='ocr_line' id='line_1_13' title="bbox 144 1650 1276 1726; baseline 0.001 -18"><span class='ocrx_word' id='word_1_106' title='bbox 144 1650 200 1709; x_wconf 91' lang='lat' dir='ltr'>bus</span> <span class='ocrx_word' id='word_1_107' title='bbox 224 1668 290 1709; x_wconf 88' lang='lat' dir='ltr'>suas</span> <span class='ocrx_word' id='word_1_108' title='bbox 314 1650 499 1712; x_wconf 82' lang='lat' dir='ltr'>infirmitates</span> <span class='ocrx_word' id='word_1_109' title='bbox 523 1654 662 1726; x_wconf 89' lang='lat' dir='ltr'>loquendo</span> <span class='ocrx_word' id='word_1_110' title='bbox 678 1654 834 1713; x_wconf 84' lang='lat' dir='ltr'>declarare.</span> <span class='ocrx_word' id='word_1_111' title='bbox 873 1655 1051 1714; x_wconf 89' lang='lat' dir='ltr'>Pharisei</span> <span class='ocrx_word' id='word_1_112' title='bbox 1083 1653 1276 1726; x_wconf 84' lang='lat' dir='ltr'>interpretan-</span> 
     </span>
     <span class='ocr_line' id='line_1_14' title="bbox 144 1753 1276 1831; baseline -0.001 -20"><span class='ocrx_word' id='word_1_113' title='bbox 144 1758 195 1812; x_wconf 85' lang='lat' dir='ltr'>tur</span> <span class='ocrx_word' id='word_1_114' title='bbox 220 1753 314 1831; x_wconf 86' lang='lat' dir='ltr'>dinisi,</span> <span class='ocrx_word' id='word_1_115' title='bbox 339 1753 387 1826; x_wconf 88' lang='lat' dir='ltr'>qni</span> <span class='ocrx_word' id='word_1_116' title='bbox 412 1756 512 1814; x_wconf 85' lang='lat' dir='ltr'>merito</span> <span class='ocrx_word' id='word_1_117' title='bbox 535 1756 657 1829; x_wconf 87' lang='lat' dir='ltr'>speciali</span> <span class='ocrx_word' id='word_1_118' title='bbox 675 1758 840 1816; x_wconf 78' lang='lat' dir='ltr'>sanctitatis</span> <span class='ocrx_word' id='word_1_119' title='bbox 863 1773 893 1815; x_wconf 90' lang='lat' dir='ltr'>se</span> <span class='ocrx_word' id='word_1_120' title='bbox 916 1774 934 1815; x_wconf 87' lang='lat' dir='ltr'>a</span> <span class='ocrx_word' id='word_1_121' title='bbox 956 1759 1051 1817; x_wconf 88' lang='lat' dir='ltr'>cetero</span> <span class='ocrx_word' id='word_1_122' title='bbox 1074 1756 1179 1830; x_wconf 92' lang='lat' dir='ltr'>populo</span> <span class='ocrx_word' id='word_1_123' title='bbox 1201 1753 1276 1811; x_wconf 90' lang='lat' dir='ltr'>diui-</span> 
     </span>
     <span class='ocr_line' id='line_1_15' title="bbox 144 1856 1273 1919; baseline 0.003 -4"><span class='ocrx_word' id='word_1_124' title='bbox 144 1856 264 1917; x_wconf 89' lang='lat' dir='ltr'>debant.</span> <span class='ocrx_word' id='word_1_125' title='bbox 296 1856 372 1916; x_wconf 87' lang='lat' dir='ltr'>Dieti</span> <span class='ocrx_word' id='word_1_126' title='bbox 396 1876 414 1917; x_wconf 88' lang='lat' dir='ltr'>a</span> <span class='ocrx_word' id='word_1_127' title='bbox 437 1859 546 1917; x_wconf 85' lang='lat' dir='ltr'>Pharas</span> <span class='ocrx_word' id='word_1_128' title='bbox 570 1859 629 1917; x_wconf 87' lang='lat' dir='ltr'>lilio</span> <span class='ocrx_word' id='word_1_129' title='bbox 652 1862 748 1919; x_wconf 89' lang='lat' dir='ltr'>Iudae.</span> <span class='ocrx_word' id='word_1_130' title='bbox 788 1860 1011 1919; x_wconf 78' lang='lat' dir='ltr'>incumbens</span> <span class='ocrx_word' id='word_1_131' title='bbox 1034 1861 1059 1918; x_wconf 88' lang='lat' dir='ltr'>·i·</span> <span class='ocrx_word' id='word_1_132' title='bbox 1084 1860 1273 1919; x_wconf 78' lang='lat' dir='ltr'>nottestane.</span> 
     </span>
     <span class='ocr_line' id='line_1_16' title="bbox 105 1959 1274 2034; baseline -0.002 -15"><span class='ocrx_word' id='word_1_133' title='bbox 105 1959 347 2031; x_wconf 78' lang='lat' dir='ltr'>ml&#39;lagrante</span> <span class='ocrx_word' id='word_1_134' title='bbox 377 1960 404 2017; x_wconf 91' lang='lat' dir='ltr'>·i·</span> <span class='ocrx_word' id='word_1_135' title='bbox 434 1962 522 2020; x_wconf 87' lang='lat' dir='ltr'>nardo</span> <span class='ocrx_word' id='word_1_136' title='bbox 557 1962 682 2034; x_wconf 83' lang='lat' dir='ltr'>pretioso</span> <span class='ocrx_word' id='word_1_137' title='bbox 717 1962 873 2021; x_wconf 89' lang='lat' dir='ltr'>redolente.</span> <span class='ocrx_word' id='word_1_138' title='bbox 919 1963 1062 2021; x_wconf 87' lang='lat' dir='ltr'>Fouens</span> <span class='ocrx_word' id='word_1_139' title='bbox 1091 1962 1115 2020; x_wconf 89' lang='lat' dir='ltr'>·i·</span> <span class='ocrx_word' id='word_1_140' title='bbox 1146 1977 1274 2033; x_wconf 79' lang='lat' dir='ltr'>ungens3</span> 
     </span>
     <span class='ocr_line' id='line_1_17' title="bbox 143 2062 1274 2139; baseline 0 -17"><span class='ocrx_word' id='word_1_141' title='bbox 143 2065 234 2138; x_wconf 89' lang='lat' dir='ltr'>pedes</span> <span class='ocrx_word' id='word_1_142' title='bbox 265 2063 374 2123; x_wconf 91' lang='lat' dir='ltr'>domini</span> <span class='ocrx_word' id='word_1_143' title='bbox 397 2064 563 2137; x_wconf 79' lang='lat' dir='ltr'>significant</span> <span class='ocrx_word' id='word_1_144' title='bbox 585 2066 647 2123; x_wconf 91' lang='lat' dir='ltr'>eius</span> <span class='ocrx_word' id='word_1_145' title='bbox 674 2066 795 2125; x_wconf 85' lang='lat' dir='ltr'>bomilia</span> <span class='ocrx_word' id='word_1_146' title='bbox 817 2068 952 2134; x_wconf 87' lang='lat' dir='ltr'>mambra,</span> <span class='ocrx_word' id='word_1_147' title='bbox 985 2066 1035 2125; x_wconf 92' lang='lat' dir='ltr'>ille</span> <span class='ocrx_word' id='word_1_148' title='bbox 1057 2065 1144 2139; x_wconf 90' lang='lat' dir='ltr'>pedes</span> <span class='ocrx_word' id='word_1_149' title='bbox 1168 2062 1274 2122; x_wconf 92' lang='lat' dir='ltr'>domini</span> 
     </span>
     <span class='ocr_line' id='line_1_18' title="bbox 145 2165 1275 2243; baseline -0.001 -19"><span class='ocrx_word' id='word_1_150' title='bbox 145 2165 229 2224; x_wconf 86' lang='lat' dir='ltr'>lauat</span> <span class='ocrx_word' id='word_1_151' title='bbox 263 2166 390 2225; x_wconf 83' lang='lat' dir='ltr'>lacrimis</span> <span class='ocrx_word' id='word_1_152' title='bbox 424 2170 454 2225; x_wconf 86' lang='lat' dir='ltr'>et</span> <span class='ocrx_word' id='word_1_153' title='bbox 487 2168 577 2240; x_wconf 81' lang='lat' dir='ltr'>tergit</span> <span class='ocrx_word' id='word_1_154' title='bbox 604 2168 728 2242; x_wconf 87' lang='lat' dir='ltr'>capillis,</span> <span class='ocrx_word' id='word_1_155' title='bbox 758 2167 808 2243; x_wconf 85' lang='lat' dir='ltr'>qui</span> <span class='ocrx_word' id='word_1_156' title='bbox 837 2169 1010 2242; x_wconf 75' lang='lat' dir='ltr'>pauperibus</span> <span class='ocrx_word' id='word_1_157' title='bbox 1044 2166 1218 2242; x_wconf 85' lang='lat' dir='ltr'>compatitur</span> <span class='ocrx_word' id='word_1_158' title='bbox 1246 2168 1275 2225; x_wconf 91' lang='lat' dir='ltr'>et</span> 
     </span>
     <span class='ocr_line' id='line_1_19' title="bbox 144 2268 1275 2344; baseline 0 -18"><span class='ocrx_word' id='word_1_159' title='bbox 144 2270 348 2328; x_wconf 86' lang='lat' dir='ltr'>necessitatem</span> <span class='ocrx_word' id='word_1_160' title='bbox 372 2269 486 2328; x_wconf 88' lang='lat' dir='ltr'>illorum</span> <span class='ocrx_word' id='word_1_161' title='bbox 512 2287 593 2329; x_wconf 88' lang='lat' dir='ltr'>suam</span> <span class='ocrx_word' id='word_1_162' title='bbox 616 2274 708 2344; x_wconf 87' lang='lat' dir='ltr'>putat.</span> <span class='ocrx_word' id='word_1_163' title='bbox 745 2271 898 2344; x_wconf 78' lang='lat' dir='ltr'>vnguento</span> <span class='ocrx_word' id='word_1_164' title='bbox 927 2272 1004 2330; x_wconf 87' lang='lat' dir='ltr'>sonet</span> <span class='ocrx_word' id='word_1_165' title='bbox 1027 2287 1075 2330; x_wconf 92' lang='lat' dir='ltr'>eos</span> <span class='ocrx_word' id='word_1_166' title='bbox 1098 2287 1161 2329; x_wconf 92' lang='lat' dir='ltr'>cum</span> <span class='ocrx_word' id='word_1_167' title='bbox 1184 2268 1275 2327; x_wconf 90' lang='lat' dir='ltr'>bonae</span> 
     </span>
     <span class='ocr_line' id='line_1_20' title="bbox 144 2370 1274 2444; baseline 0.002 -15"><span class='ocrx_word' id='word_1_168' title='bbox 144 2370 290 2444; x_wconf 86' lang='lat' dir='ltr'>opinionis</span> <span class='ocrx_word' id='word_1_169' title='bbox 313 2372 427 2430; x_wconf 88' lang='lat' dir='ltr'>odorem</span> <span class='ocrx_word' id='word_1_170' title='bbox 444 2373 478 2430; x_wconf 91' lang='lat' dir='ltr'>de</span> <span class='ocrx_word' id='word_1_171' title='bbox 497 2390 527 2431; x_wconf 91' lang='lat' dir='ltr'>se</span> <span class='ocrx_word' id='word_1_172' title='bbox 543 2374 659 2433; x_wconf 88' lang='lat' dir='ltr'>emittit.</span> <span class='ocrx_word' id='word_1_173' title='bbox 695 2373 782 2433; x_wconf 86' lang='lat' dir='ltr'>Nulla</span> <span class='ocrx_word' id='word_1_174' title='bbox 797 2375 875 2433; x_wconf 91' lang='lat' dir='ltr'>enlm</span> <span class='ocrx_word' id='word_1_175' title='bbox 891 2390 993 2433; x_wconf 89' lang='lat' dir='ltr'>manus</span> <span class='ocrx_word' id='word_1_176' title='bbox 1009 2374 1100 2433; x_wconf 84' lang='lat' dir='ltr'>uacus</span> <span class='ocrx_word' id='word_1_177' title='bbox 1114 2391 1132 2432; x_wconf 89' lang='lat' dir='ltr'>a</span> <span class='ocrx_word' id='word_1_178' title='bbox 1146 2389 1274 2439; x_wconf 83' lang='lat' dir='ltr'>munere,</span> 
     </span>
     <span class='ocr_line' id='line_1_21' title="bbox 105 2476 1273 2549; baseline 0.002 -19"><span class='ocrx_word' id='word_1_179' title='bbox 105 2476 229 2535; x_wconf 72' lang='lat' dir='ltr'>seculus</span> <span class='ocrx_word' id='word_1_180' title='bbox 259 2492 326 2535; x_wconf 89' lang='lat' dir='ltr'>arca</span> <span class='ocrx_word' id='word_1_181' title='bbox 358 2476 452 2535; x_wconf 85' lang='lat' dir='ltr'>cordis</span> <span class='ocrx_word' id='word_1_182' title='bbox 481 2478 566 2548; x_wconf 87' lang='lat' dir='ltr'>plena</span> <span class='ocrx_word' id='word_1_183' title='bbox 593 2477 681 2535; x_wconf 83' lang='lat' dir='ltr'>luerit</span> <span class='ocrx_word' id='word_1_184' title='bbox 709 2477 783 2536; x_wconf 86' lang='lat' dir='ltr'>bona</span> <span class='ocrx_word' id='word_1_185' title='bbox 811 2478 972 2539; x_wconf 86' lang='lat' dir='ltr'>uoluntate.</span> <span class='ocrx_word' id='word_1_186' title='bbox 1017 2477 1273 2549; x_wconf 83' lang='lat' dir='ltr'>Capharnaum</span> 
     </span>
     <span class='ocr_line' id='line_1_22' title="bbox 144 2578 1274 2657; baseline -0.001 -20"><span class='ocrx_word' id='word_1_187' title='bbox 144 2578 252 2637; x_wconf 87' lang='lat' dir='ltr'>ciuitas</span> <span class='ocrx_word' id='word_1_188' title='bbox 275 2583 318 2638; x_wconf 90' lang='lat' dir='ltr'>est</span> <span class='ocrx_word' id='word_1_189' title='bbox 351 2581 380 2638; x_wconf 91' lang='lat' dir='ltr'>in</span> <span class='ocrx_word' id='word_1_190' title='bbox 417 2590 511 2639; x_wconf 90' lang='lat' dir='ltr'>monte</span> <span class='ocrx_word' id='word_1_191' title='bbox 534 2581 627 2640; x_wconf 83' lang='lat' dir='ltr'>&#39;l&#39;abor</span> <span class='ocrx_word' id='word_1_192' title='bbox 656 2582 758 2655; x_wconf 89' lang='lat' dir='ltr'>posita.</span> <span class='ocrx_word' id='word_1_193' title='bbox 805 2583 1000 2657; x_wconf 77' lang='lat' dir='ltr'>synagoga</span> <span class='ocrx_word' id='word_1_194' title='bbox 1029 2581 1134 2639; x_wconf 87' lang='lat' dir='ltr'>dicitnr</span> <span class='ocrx_word' id='word_1_195' title='bbox 1157 2595 1274 2651; x_wconf 77' lang='lat' dir='ltr'>congre·</span> 
     </span>
     <span class='ocr_line' id='line_1_23' title="bbox 144 2681 1273 2757; baseline -0.001 -17"><span class='ocrx_word' id='word_1_196' title='bbox 144 2684 225 2757; x_wconf 83' lang='lat' dir='ltr'>gatio</span> <span class='ocrx_word' id='word_1_197' title='bbox 255 2686 329 2742; x_wconf 89' lang='lat' dir='ltr'>sicut</span> <span class='ocrx_word' id='word_1_198' title='bbox 358 2684 481 2744; x_wconf 88' lang='lat' dir='ltr'>eeclesia</span> <span class='ocrx_word' id='word_1_199' title='bbox 509 2687 676 2745; x_wconf 87' lang='lat' dir='ltr'>conuocatio</span> <span class='ocrx_word' id='word_1_200' title='bbox 707 2685 752 2744; x_wconf 91' lang='lat' dir='ltr'>uel</span> <span class='ocrx_word' id='word_1_201' title='bbox 780 2689 947 2745; x_wconf 86' lang='lat' dir='ltr'>conuentus.</span> <span class='ocrx_word' id='word_1_202' title='bbox 984 2687 1055 2744; x_wconf 80' lang='lat' dir='ltr'>Erat</span> <span class='ocrx_word' id='word_1_203' title='bbox 1077 2685 1176 2743; x_wconf 90' lang='lat' dir='ltr'>domus</span> <span class='ocrx_word' id='word_1_204' title='bbox 1199 2681 1273 2755; x_wconf 90' lang='lat' dir='ltr'>apud</span> 
     </span>
     <span class='ocr_line' id='line_1_24' title="bbox 144 2784 1274 2863; baseline 0 -21"><span class='ocrx_word' id='word_1_205' title='bbox 144 2784 262 2858; x_wconf 79' lang='lat' dir='ltr'>ludeos,</span> <span class='ocrx_word' id='word_1_206' title='bbox 284 2804 357 2860; x_wconf 86' lang='lat' dir='ltr'>quae</span> <span class='ocrx_word' id='word_1_207' title='bbox 381 2805 531 2863; x_wconf 78' lang='lat' dir='ltr'>synagoga</span> <span class='ocrx_word' id='word_1_208' title='bbox 553 2789 719 2860; x_wconf 86' lang='lat' dir='ltr'>uocabatur,</span> <span class='ocrx_word' id='word_1_209' title='bbox 747 2790 776 2847; x_wconf 91' lang='lat' dir='ltr'>in</span> <span class='ocrx_word' id='word_1_210' title='bbox 800 2805 884 2861; x_wconf 85' lang='lat' dir='ltr'>qnam</span> <span class='ocrx_word' id='word_1_211' title='bbox 908 2786 1116 2847; x_wconf 88' lang='lat' dir='ltr'>conueniebant</span> <span class='ocrx_word' id='word_1_212' title='bbox 1139 2786 1184 2844; x_wconf 90' lang='lat' dir='ltr'>die</span> <span class='ocrx_word' id='word_1_213' title='bbox 1207 2786 1274 2843; x_wconf 86' lang='lat' dir='ltr'>sab-</span> 
     </span>
     <span class='ocr_line' id='line_1_25' title="bbox 145 2886 1283 2964; baseline 0.002 -20"><span class='ocrx_word' id='word_1_214' title='bbox 145 2888 207 2945; x_wconf 89' lang='lat' dir='ltr'>bati</span> <span class='ocrx_word' id='word_1_215' title='bbox 232 2889 267 2947; x_wconf 90' lang='lat' dir='ltr'>ad</span> <span class='ocrx_word' id='word_1_216' title='bbox 290 2891 462 2949; x_wconf 87' lang='lat' dir='ltr'>audiendam</span> <span class='ocrx_word' id='word_1_217' title='bbox 486 2895 516 2948; x_wconf 90' lang='lat' dir='ltr'>et</span> <span class='ocrx_word' id='word_1_218' title='bbox 538 2892 695 2950; x_wconf 85' lang='lat' dir='ltr'>docendam</span> <span class='ocrx_word' id='word_1_219' title='bbox 719 2892 821 2964; x_wconf 82' lang='lat' dir='ltr'>legem,</span> <span class='ocrx_word' id='word_1_220' title='bbox 846 2892 922 2949; x_wconf 90' lang='lat' dir='ltr'>sicut</span> <span class='ocrx_word' id='word_1_221' title='bbox 937 2906 1013 2948; x_wconf 86' lang='lat' dir='ltr'>nuuc</span> <span class='ocrx_word' id='word_1_222' title='bbox 1035 2890 1064 2947; x_wconf 94' lang='lat' dir='ltr'>in</span> <span class='ocrx_word' id='word_1_223' title='bbox 1088 2889 1209 2947; x_wconf 89' lang='lat' dir='ltr'>ecclesia</span> <span class='ocrx_word' id='word_1_224' title='bbox 1231 2886 1283 2946; x_wconf 83' lang='lat' dir='ltr'>dt.-</span> 
     </span>
     <span class='ocr_line' id='line_1_26' title="bbox 104 2990 1273 3067; baseline 0.001 -20"><span class='ocrx_word' id='word_1_225' title='bbox 104 2990 323 3051; x_wconf 76' lang='lat' dir='ltr'>asProteruo</span> <span class='ocrx_word' id='word_1_226' title='bbox 346 2992 373 3051; x_wconf 90' lang='lat' dir='ltr'>·i·</span> <span class='ocrx_word' id='word_1_227' title='bbox 397 2993 539 3064; x_wconf 87' lang='lat' dir='ltr'>horribili,</span> <span class='ocrx_word' id='word_1_228' title='bbox 573 2998 726 3067; x_wconf 88' lang='lat' dir='ltr'>proteruus</span> <span class='ocrx_word' id='word_1_229' title='bbox 760 2995 864 3053; x_wconf 86' lang='lat' dir='ltr'>dicitur</span> <span class='ocrx_word' id='word_1_230' title='bbox 897 2995 981 3066; x_wconf 88' lang='lat' dir='ltr'>quasi</span> <span class='ocrx_word' id='word_1_231' title='bbox 1011 3009 1094 3065; x_wconf 86' lang='lat' dir='ltr'>porro</span> <span class='ocrx_word' id='word_1_232' title='bbox 1123 2994 1223 3050; x_wconf 88' lang='lat' dir='ltr'>toruus</span> <span class='ocrx_word' id='word_1_233' title='bbox 1246 2990 1273 3049; x_wconf 89' lang='lat' dir='ltr'>·i.</span> 
     </span>
     <span class='ocr_line' id='line_1_27' title="bbox 144 3094 1274 3168; baseline 0 -17"><span class='ocrx_word' id='word_1_234' title='bbox 144 3094 230 3153; x_wconf 86' lang='lat' dir='ltr'>ualde</span> <span class='ocrx_word' id='word_1_235' title='bbox 253 3096 409 3155; x_wconf 90' lang='lat' dir='ltr'>horribilis.</span> <span class='ocrx_word' id='word_1_236' title='bbox 444 3096 533 3165; x_wconf 85' lang='lat' dir='ltr'>Quid</span> <span class='ocrx_word' id='word_1_237' title='bbox 562 3097 666 3157; x_wconf 89' lang='lat' dir='ltr'>nobis</span> <span class='ocrx_word' id='word_1_238' title='bbox 689 3101 725 3158; x_wconf 89' lang='lat' dir='ltr'>et</span> <span class='ocrx_word' id='word_1_239' title='bbox 747 3098 818 3156; x_wconf 92' lang='lat' dir='ltr'>tibi</span> <span class='ocrx_word' id='word_1_240' title='bbox 842 3114 875 3155; x_wconf 89' lang='lat' dir='ltr'>·s·</span> <span class='ocrx_word' id='word_1_241' title='bbox 897 3113 1042 3155; x_wconf 92' lang='lat' dir='ltr'>commune</span> <span class='ocrx_word' id='word_1_242' title='bbox 1064 3098 1110 3154; x_wconf 90' lang='lat' dir='ltr'>est</span> <span class='ocrx_word' id='word_1_243' title='bbox 1132 3094 1180 3154; x_wconf 92' lang='lat' dir='ltr'>uel</span> <span class='ocrx_word' id='word_1_244' title='bbox 1198 3094 1274 3168; x_wconf 88' lang='lat' dir='ltr'>quod</span> 
     </span>
     <span class='ocr_line' id='line_1_28' title="bbox 144 3199 1274 3275; baseline 0 -21"><span class='ocrx_word' id='word_1_245' title='bbox 144 3199 229 3255; x_wconf 89' lang='lat' dir='ltr'>nobis</span> <span class='ocrx_word' id='word_1_246' title='bbox 252 3199 387 3270; x_wconf 87' lang='lat' dir='ltr'>pertinet.</span> <span class='ocrx_word' id='word_1_247' title='bbox 421 3199 477 3257; x_wconf 82' lang='lat' dir='ltr'>Cur</span> <span class='ocrx_word' id='word_1_248' title='bbox 499 3216 550 3259; x_wconf 91' lang='lat' dir='ltr'>nos</span> <span class='ocrx_word' id='word_1_249' title='bbox 573 3201 680 3259; x_wconf 88' lang='lat' dir='ltr'>uenisti</span> <span class='ocrx_word' id='word_1_250' title='bbox 702 3201 855 3275; x_wconf 87' lang='lat' dir='ltr'>perdere</span> <span class='ocrx_word' id='word_1_251' title='bbox 879 3200 905 3258; x_wconf 88' lang='lat' dir='ltr'>·i·</span> <span class='ocrx_word' id='word_1_252' title='bbox 927 3200 1073 3258; x_wconf 81' lang='lat' dir='ltr'>damnare.</span> <span class='ocrx_word' id='word_1_253' title='bbox 1104 3200 1148 3257; x_wconf 82' lang='lat' dir='ltr'>nt</span> <span class='ocrx_word' id='word_1_254' title='bbox 1170 3212 1274 3256; x_wconf 86' lang='lat' dir='ltr'>sanc-</span> 
     </span>
     <span class='ocr_line' id='line_1_29' title="bbox 143 3298 1274 3376; baseline 0 -19"><span class='ocrx_word' id='word_1_255' title='bbox 143 3305 221 3358; x_wconf 92' lang='lat' dir='ltr'>tum</span> <span class='ocrx_word' id='word_1_256' title='bbox 243 3317 275 3357; x_wconf 86' lang='lat' dir='ltr'>.s·</span> <span class='ocrx_word' id='word_1_257' title='bbox 297 3304 327 3359; x_wconf 90' lang='lat' dir='ltr'>te</span> <span class='ocrx_word' id='word_1_258' title='bbox 342 3318 404 3360; x_wconf 90' lang='lat' dir='ltr'>esse</span> <span class='ocrx_word' id='word_1_259' title='bbox 423 3301 513 3360; x_wconf 86' lang='lat' dir='ltr'>fillum</span> <span class='ocrx_word' id='word_1_260' title='bbox 530 3301 583 3360; x_wconf 87' lang='lat' dir='ltr'>dei.</span> <span class='ocrx_word' id='word_1_261' title='bbox 607 3302 720 3361; x_wconf 87' lang='lat' dir='ltr'>blinora</span> <span class='ocrx_word' id='word_1_262' title='bbox 735 3302 810 3361; x_wconf 91' lang='lat' dir='ltr'>enim</span> <span class='ocrx_word' id='word_1_263' title='bbox 826 3302 963 3361; x_wconf 89' lang='lat' dir='ltr'>dicebant</span> <span class='ocrx_word' id='word_1_264' title='bbox 978 3300 1156 3376; x_wconf 81' lang='lat' dir='ltr'>demonibus,</span> <span class='ocrx_word' id='word_1_265' title='bbox 1172 3298 1274 3374; x_wconf 89' lang='lat' dir='ltr'>quibus</span> 
     </span>
     <span class='ocr_line' id='line_1_30' title="bbox 144 3404 1274 3484; baseline 0.002 -25"><span class='ocrx_word' id='word_1_266' title='bbox 144 3406 301 3476; x_wconf 89' lang='lat' dir='ltr'>utcumque</span> <span class='ocrx_word' id='word_1_267' title='bbox 333 3405 505 3477; x_wconf 90' lang='lat' dir='ltr'>promissum</span> <span class='ocrx_word' id='word_1_268' title='bbox 538 3408 582 3463; x_wconf 91' lang='lat' dir='ltr'>est</span> <span class='ocrx_word' id='word_1_269' title='bbox 607 3421 691 3465; x_wconf 90' lang='lat' dir='ltr'>nosse</span> <span class='ocrx_word' id='word_1_270' title='bbox 713 3406 801 3464; x_wconf 86' lang='lat' dir='ltr'>filium</span> <span class='ocrx_word' id='word_1_271' title='bbox 826 3408 956 3463; x_wconf 89' lang='lat' dir='ltr'>sanetum</span> <span class='ocrx_word' id='word_1_272' title='bbox 979 3404 1042 3484; x_wconf 89' lang='lat' dir='ltr'>Dei,</span> <span class='ocrx_word' id='word_1_273' title='bbox 1073 3405 1186 3463; x_wconf 86' lang='lat' dir='ltr'>minora</span> <span class='ocrx_word' id='word_1_274' title='bbox 1208 3419 1274 3462; x_wconf 87' lang='lat' dir='ltr'>uero</span> 
     </span>
     <span class='ocr_line' id='line_1_31' title="bbox 104 3506 1271 3582; baseline 0.003 -22"><span class='ocrx_word' id='word_1_275' title='bbox 104 3507 320 3582; x_wconf 62' lang='lat' dir='ltr'>”nescierunt</span> <span class='ocrx_word' id='word_1_276' title='bbox 344 3524 433 3581; x_wconf 85' lang='lat' dir='ltr'>usque</span> <span class='ocrx_word' id='word_1_277' title='bbox 449 3507 514 3568; x_wconf 90' lang='lat' dir='ltr'>dum</span> <span class='ocrx_word' id='word_1_278' title='bbox 531 3507 625 3580; x_wconf 82' lang='lat' dir='ltr'>gloria</span> <span class='ocrx_word' id='word_1_279' title='bbox 641 3512 670 3566; x_wconf 88' lang='lat' dir='ltr'>et</span> <span class='ocrx_word' id='word_1_280' title='bbox 693 3508 831 3568; x_wconf 78' lang='lat' dir='ltr'>fortitudo</span> <span class='ocrx_word' id='word_1_281' title='bbox 855 3509 917 3567; x_wconf 88' lang='lat' dir='ltr'>eius</span> <span class='ocrx_word' id='word_1_282' title='bbox 932 3508 1020 3581; x_wconf 78' lang='lat' dir='ltr'>fregit</span> <span class='ocrx_word' id='word_1_283' title='bbox 1035 3508 1189 3568; x_wconf 80' lang='lat' dir='ltr'>infernum.</span> <span class='ocrx_word' id='word_1_284' title='bbox 1213 3506 1271 3564; x_wconf 89' lang='lat' dir='ltr'>De-</span> 
     </span>
     <span class='ocr_line' id='line_1_32' title="bbox 143 3610 1271 3685; baseline 0 -19"><span class='ocrx_word' id='word_1_285' title='bbox 143 3625 246 3667; x_wconf 91' lang='lat' dir='ltr'>mones</span> <span class='ocrx_word' id='word_1_286' title='bbox 269 3611 347 3669; x_wconf 89' lang='lat' dir='ltr'>enim</span> <span class='ocrx_word' id='word_1_287' title='bbox 370 3610 500 3683; x_wconf 88' lang='lat' dir='ltr'>quamuis</span> <span class='ocrx_word' id='word_1_288' title='bbox 523 3611 698 3683; x_wconf 81' lang='lat' dir='ltr'>dignitatern</span> <span class='ocrx_word' id='word_1_289' title='bbox 720 3611 915 3685; x_wconf 85' lang='lat' dir='ltr'>perdiderunt,</span> <span class='ocrx_word' id='word_1_290' title='bbox 938 3615 1070 3669; x_wconf 85' lang='lat' dir='ltr'>naturam</span> <span class='ocrx_word' id='word_1_291' title='bbox 1090 3613 1189 3668; x_wconf 89' lang='lat' dir='ltr'>tamen</span> <span class='ocrx_word' id='word_1_292' title='bbox 1205 3625 1271 3667; x_wconf 90' lang='lat' dir='ltr'>nou.</span> 
     </span>
     <span class='ocr_line' id='line_1_33' title="bbox 142 3712 1272 3787; baseline -0.001 -18"><span class='ocrx_word' id='word_1_293' title='bbox 142 3714 220 3771; x_wconf 89' lang='lat' dir='ltr'>Sunt</span> <span class='ocrx_word' id='word_1_294' title='bbox 253 3714 328 3772; x_wconf 91' lang='lat' dir='ltr'>enim</span> <span class='ocrx_word' id='word_1_295' title='bbox 350 3717 383 3771; x_wconf 91' lang='lat' dir='ltr'>ut</span> <span class='ocrx_word' id='word_1_296' title='bbox 405 3714 475 3772; x_wconf 88' lang='lat' dir='ltr'>dicit</span> <span class='ocrx_word' id='word_1_297' title='bbox 509 3714 691 3786; x_wconf 80' lang='lat' dir='ltr'>Augustinus</span> <span class='ocrx_word' id='word_1_298' title='bbox 724 3731 840 3787; x_wconf 87' lang='lat' dir='ltr'>corpore</span> <span class='ocrx_word' id='word_1_299' title='bbox 874 3715 953 3774; x_wconf 85' lang='lat' dir='ltr'>aeria</span> <span class='ocrx_word' id='word_1_300' title='bbox 986 3713 1132 3783; x_wconf 86' lang='lat' dir='ltr'>animalia,</span> <span class='ocrx_word' id='word_1_301' title='bbox 1166 3712 1272 3785; x_wconf 87' lang='lat' dir='ltr'>spiritu</span> 
     </span>
     <span class='ocr_line' id='line_1_34' title="bbox 141 3813 1273 3889; baseline -0.001 -17"><span class='ocrx_word' id='word_1_302' title='bbox 141 3818 274 3887; x_wconf 88' lang='lat' dir='ltr'>aeterua,</span> <span class='ocrx_word' id='word_1_303' title='bbox 303 3817 396 3875; x_wconf 87' lang='lat' dir='ltr'>auimo</span> <span class='ocrx_word' id='word_1_304' title='bbox 419 3815 545 3889; x_wconf 82' lang='lat' dir='ltr'>maligne</span> <span class='ocrx_word' id='word_1_305' title='bbox 567 3820 597 3875; x_wconf 90' lang='lat' dir='ltr'>et</span> <span class='ocrx_word' id='word_1_306' title='bbox 619 3820 686 3874; x_wconf 89' lang='lat' dir='ltr'>suut</span> <span class='ocrx_word' id='word_1_307' title='bbox 709 3822 828 3875; x_wconf 87' lang='lat' dir='ltr'>naturae</span> <span class='ocrx_word' id='word_1_308' title='bbox 852 3816 1011 3875; x_wconf 86' lang='lat' dir='ltr'>subtilioris</span> <span class='ocrx_word' id='word_1_309' title='bbox 1035 3817 1153 3889; x_wconf 89' lang='lat' dir='ltr'>ideoque</span> <span class='ocrx_word' id='word_1_310' title='bbox 1175 3813 1273 3872; x_wconf 84' lang='lat' dir='ltr'>lutura</span> 
     </span>
     <span class='ocr_line' id='line_1_35' title="bbox 141 3915 1271 3992; baseline -0.003 -16"><span class='ocrx_word' id='word_1_311' title='bbox 141 3917 299 3991; x_wconf 88' lang='lat' dir='ltr'>aliquando</span> <span class='ocrx_word' id='word_1_312' title='bbox 333 3918 504 3992; x_wconf 87' lang='lat' dir='ltr'>praeuident</span> <span class='ocrx_word' id='word_1_313' title='bbox 556 3917 625 3977; x_wconf 87' lang='lat' dir='ltr'>&#39;lrla</span> <span class='ocrx_word' id='word_1_314' title='bbox 663 3918 775 3976; x_wconf 87' lang='lat' dir='ltr'>latuere</span> <span class='ocrx_word' id='word_1_315' title='bbox 807 3918 966 3977; x_wconf 88' lang='lat' dir='ltr'>diabolum:</span> <span class='ocrx_word' id='word_1_316' title='bbox 1005 3920 1105 3991; x_wconf 85' lang='lat' dir='ltr'>partus</span> <span class='ocrx_word' id='word_1_317' title='bbox 1137 3915 1271 3989; x_wconf 83' lang='lat' dir='ltr'>uirginis,</span> 
     </span>
     <span class='ocr_line' id='line_1_36' title="bbox 100 4020 1272 4095; baseline -0.004 -14"><span class='ocrx_word' id='word_1_318' title='bbox 100 4020 283 4081; x_wconf 75' lang='lat' dir='ltr'>asdiuiuitas</span> <span class='ocrx_word' id='word_1_319' title='bbox 305 4022 437 4095; x_wconf 85' lang='lat' dir='ltr'>hominis,</span> <span class='ocrx_word' id='word_1_320' title='bbox 461 4021 559 4095; x_wconf 90' lang='lat' dir='ltr'>passio</span> <span class='ocrx_word' id='word_1_321' title='bbox 582 4021 782 4094; x_wconf 81' lang='lat' dir='ltr'>redemptoris.</span> <span class='ocrx_word' id='word_1_322' title='bbox 827 4022 1008 4080; x_wconf 85' lang='lat' dir='ltr'>Demouas</span> <span class='ocrx_word' id='word_1_323' title='bbox 1034 4023 1167 4079; x_wconf 87' lang='lat' dir='ltr'>accentus</span> <span class='ocrx_word' id='word_1_324' title='bbox 1190 4035 1272 4093; x_wconf 80' lang='lat' dir='ltr'>grae·</span> 
     </span>
    </p>
   </div>
   <div class='ocr_carea' id='block_1_3' title="bbox 194 4228 1200 4322">
    <p class='ocr_par' dir='ltr' id='par_1_3' title="bbox 194 4228 1200 4322">
     <span class='ocr_line' id='line_1_37' title="bbox 194 4228 1200 4322; baseline 0 -13"><span class='ocrx_word' id='word_1_325' title='bbox 194 4255 229 4309; x_wconf 80' lang='lat'>21</span> <span class='ocrx_word' id='word_1_326' title='bbox 242 4252 386 4307; x_wconf 64' lang='lat' dir='ltr'>suasore</span> <span class='ocrx_word' id='word_1_327' title='bbox 467 4253 632 4322; x_wconf 67' lang='lat' dir='ltr'>ecaqun</span> <span class='ocrx_word' id='word_1_328' title='bbox 713 4228 903 4308; x_wconf 62' lang='lat' dir='ltr'>nascenti</span> <span class='ocrx_word' id='word_1_329' title='bbox 982 4255 1200 4309; x_wconf 62' lang='lat' dir='ltr'>aduentante</span> 
     </span>
    </p>
   </div>
   <div class='ocr_carea' id='block_1_4' title="bbox 0 0 1392 4830">
    <p class='ocr_par' dir='ltr' id='par_1_4' title="bbox 0 0 1392 4830">
     <span class='ocr_line' id='line_1_38' title="bbox 0 0 1392 4830; baseline 0 1"><span class='ocrx_word' id='word_1_330' title='bbox 0 0 1392 4830; x_wconf 95' lang='lat' dir='ltr'> </span> 
     </span>
    </p>
   </div>
  </div>
 </body>
</html>
