2774 4830
206 302 274 371 23ss
706 300 839 356 securri

211 494 342 575 quisque
375 490 494 555 rationo
526 489 681 571 colligere.
726 494 820 571 caput
853 490 936 555 euim
968 486 1087 556 Christi
1121 490 1277 557 distemis
1309 488 1342 556 in

212 614 303 661 cruce
326 592 476 659 membris
502 592 633 675 expositi
656 591 720 658 axis
742 590 880 657 Orientis
902 591 1031 675 accepit,
1054 590 1213 659 Occiduus
1236 595 1340 661 cutm

211 699 303 764 fimes
331 697 447 779 plantis
474 695 591 773 arrisit,
629 695 763 762 Arctous
791 696 914 762 deutoro
943 696 1066 777 clausit,
1101 696 1232 763 modius
1253 698 1340 763 henr

212 803 345 869 refulsit.
382 804 553 882 ouumaque
574 818 700 883 prorsus
723 800 831 865 mnndi
845 800 1026 867 substsmtia
1039 798 1197 866 creatoris
1214 817 1337 887 corporo

212 905 379 971 fecundata
410 906 511 971 crucio
545 906 578 970 in
609 923 643 970 sc
674 903 792 969 lineam
823 904 918 970 rectis
952 903 1162 988 obliquisque·
1181 905 1363 972 limititnso

211 1009 436 1075 demonstrauit
452 1009 625 1090 impletam,
648 1026 741 1090 qnam
760 1007 879 1090 primas
901 1008 981 1075 lucis
1001 1008 1041 1075 ab
1064 1008 1184 1092 origine
1201 1010 1338 1075 cernitur

213 1119 387 1181 consecuta

161 1238 203 1299 lt
256 1233 395 1317 Cumque
424 1234 543 1299 milites
571 1233 636 1298 eins
664 1230 726 1297 sibi
759 1231 947 1298 uestimento
980 1230 1165 1311 diuiderent
1199 1232 1336 1299 tunicam

213 1338 318 1403 sortiti
348 1338 422 1402 snut
450 1338 519 1418 quis
548 1335 684 1414 haberet,
713 1336 860 1418 quoniam
888 1337 962 1401 suta
988 1353 1051 1401 uon
1078 1335 1192 1420 iuerat,
1221 1337 1277 1402 sed
1301 1337 1337 1402 dc

213 1438 424 1522 superioribus
446 1444 533 1505 texta
554 1457 610 1522 per
632 1440 745 1520 omnia,
769 1439 985 1523 nefariumque
1018 1440 1173 1505 duxerunt
1200 1439 1363 1523 speciemo

213 1544 295 1609 lauti
319 1544 433 1608 uiolare
454 1542 606 1608 miraculi.
645 1542 755 1627 legant
777 1542 851 1607 haec
876 1541 1045 1607 scismatici
1064 1541 1204 1625 prolecto
1232 1542 1336 1610 docto

213 1665 262 1711 res
290 1648 322 1711 et
350 1646 460 1725 sciant,
480 1646 554 1728 quid
576 1645 747 1729 impietatis
775 1648 938 1711 exerceant
964 1644 1151 1711 catholicam
1173 1645 1335 1713 lacerando

213 1750 418 1817 concordiam.
452 1750 480 1814 si
507 1749 591 1814 euim
620 1748 776 1814 militibus
799 1747 960 1833 sacrilegis
993 1766 1030 1813 ac
1061 1747 1193 1813 iuuostis
1227 1748 1336 1815 durum

214 1854 319 1920 nisum
340 1856 390 1919 est
411 1852 527 1919 Christi
549 1871 672 1936 carpere
688 1853 923 1930 uestimentum,
942 1851 1034 1935 quale
1055 1853 1143 1917 nefas
1165 1852 1336 1921 admittunt

214 1960 267 2043 qui
290 1958 500 2025 ecclesiastica
514 1975 589 2040 pace
611 1956 738 2022 turbata
759 1955 863 2037 ipsum
879 1955 1048 2020 Dominum
1074 1952 1239 2021 Christum
1263 1957 1363 2023 scis-o

216 2061 352 2129 metibus
375 2062 515 2128 diuidere
538 2079 598 2125 nou
621 2060 801 2143 quiescunt!

165 2184 202 2245 17
257 2183 382 2248 Titulus
411 2200 530 2265 quoque
558 2184 641 2247 trina
668 2181 850 2264 linguarum
876 2178 1106 2265 significatione
1129 2180 1335 2263 couscriptum,

215 2284 332 2351 habeus
354 2285 528 2364 Hebraicis,
553 2284 679 2351 Graecis
711 2283 829 2349 litteris
858 2302 894 2349 ac
916 2283 1055 2349 Latinis:
1088 2281 1152 2348 hic
1186 2284 1249 2348 est
1277 2301 1338 2349 reu

215 2388 468 2471 ludaeorum,
496 2408 590 2471 supra
611 2388 781 2453 Dominum
803 2387 967 2470 legebatur
987 2386 1158 2469 adpositus.
1197 2406 1277 2471 quae
1297 2388 1338 2452 sit

215 2489 310 2555 etiam
337 2490 428 2556 huius
454 2494 533 2557 ratio
562 2491 757 2572 sacramenti,
786 2489 953 2556 absurdum
981 2508 1043 2557 uon
1064 2490 1192 2557 uidetur
1215 2491 1366 2575 inquiris

213 2611 271 2658 uso
293 2594 375 2658 cuim
398 2594 481 2677 fugit
502 2613 521 2659 a
543 2612 655 2679 magno
672 2595 831 2677 mysterio,
849 2593 995 2676 quicquid
1017 2597 1142 2678 gestum
1156 2594 1339 2660 manifesta·

215 2697 267 2760 tur
297 2696 330 2759 iu
358 2695 491 2763 Christo.
530 2716 583 2762 cur
611 2715 682 2781 ergo
709 2695 811 2761 tribus
833 2697 949 2779 linguis
971 2697 1022 2762 hic
1044 2697 1154 2762 titulus
1178 2696 1340 2782 legebatur

212 2797 398 2882 adscriptus,
422 2818 492 2865 cum
514 2801 618 2883 plures
638 2818 674 2865 ac
688 2800 792 2866 uarias
807 2798 1047 2865 multitudinum
1064 2800 1207 2866 nationes
1222 2818 1340 2883 nsqua-

264 3074 282 3126 2
307 3088 410 3127 crucam
436 3073 486 3129 Hc
590 3072 659 3126 acuis
686 3071 711 3125 Β
813 3074 830 3126 3
857 3040 964 3155 plautas
992 3074 1019 3127 Β
1121 3046 1218 3158 adrisit
1241 3074 1277 3128 Η

212 3176 303 3229 arctus
321 3174 355 3229 Η
449 3174 542 3229 dextra
559 3174 625 3237 Ην,
654 3174 751 3229 dextra
769 3175 797 3228 Β
896 3176 994 3229 claruit
1010 3191 1059 3231 oro.
1078 3176 1113 3230 H
1211 3177 1341 3232 smundl

214 3276 321 3329 prorsus
343 3262 370 3315 Β
479 3263 495 3315 5
519 3261 661 3316 fecundata
682 3262 724 3326 H,
754 3261 898 3315 iocundata
920 3263 997 3319 RBo
1098 3265 1117 3317 8
1140 3278 1177 3317 ur
1200 3278 1292 3320 sonum
1309 3279 1341 3319 11

212 3377 398 3419 vusumusus
416 3347 465 3418 ffn
482 3364 542 3419 ΒΗ
558 3365 752 3429 (uestimento),
777 3381 827 3421 cm.
845 3382 862 3421 o
948 3365 1184 3435 nostrorumst,
1211 3368 1341 3422 duxeruut

214 3465 230 3501 c
334 3452 365 3503 11
391 3451 535 3504 scismatici
552 3451 730 3506 RHB=15
834 3451 865 3505 12
888 3453 974 3506 sciant
991 3467 1026 3506 cx
1042 3452 1161 3507 sentiant
1178 3454 1223 3519 Β,
1255 3456 1341 3509 sciant

213 3552 230 3589 o
333 3535 404 3604 quod
428 3536 580 3606 impietates
604 3537 654 3592 Bo
757 3538 790 3590 14
812 3539 945 3591 amittunt
969 3537 1010 3601 Β,
1041 3539 1244 3603 amittuntur
1263 3546 1341 3607 croc.)

213 3621 257 3685 H,
287 3622 448 3675 ammittant
474 3622 502 3675 Β
606 3624 639 3678 15
665 3622 841 3691 ecclesiastica
868 3624 896 3677 Β
1000 3624 1031 3678 17
1058 3640 1094 3685 us
1121 3639 1224 3681 nmo
1253 3641 1341 3683 nm

214 3721 385 3765 umanum
409 3722 640 3763 ornumornum
663 3724 833 3764 couscnunuo
859 3709 900 3777 Β,
928 3726 980 3765 oro.
1006 3710 1050 3775 H,
1085 3710 1118 3765 de
1145 3712 1230 3767 titulo
1259 3714 1341 3770 crucis

213 3844 229 3881 o
327 3829 523 3898 significatione
541 3830 576 3885 11
671 3830 880 3900 conscriptioni
974 3831 1006 3886 ia
1023 3798 1126 3900 hebreis
1143 3832 1182 3897 Η,
1211 3833 1342 3893 uectores

213 3930 242 3985 rr
344 3932 445 3987 litteris
469 3933 613 3990 croceus
717 3934 749 3987 19
772 3933 881 3990 rudecto
905 3936 932 3990 a
1033 3917 1096 3989 offe
1119 3951 1153 3990 ιω
1177 3920 1228 3991 uit
1248 3940 1279 3994 Β

213 4032 249 4087 20
266 4033 347 4089 huius
365 4036 447 4089 etiam
467 4038 535 4091 ratio
554 4036 613 4092 ΗΒ
715 4003 973 4093 huiui'iacramenti
999 4038 1028 4095 Β
1130 4038 1165 4093 23
1192 4039 1343 4124 adscriptus

214 4136 249 4190 H
331 4138 538 4194 multitudinum
555 4140 604 4206 Ic,
632 4139 846 4195 montitudinum
863 4141 903 4207 B,
930 4140 1131 4197 multitudinem
1149 4143 1224 4211 ΒΗ,
1253 4146 1344 4203 multi-

213 4221 310 4277 tudino
327 4224 395 4279 coni.
415 4224 513 4280 Dodw.
