2774 4830
535 348 685 419 Remigii
705 348 887 418 expositio.
1211 352 1273 419 321

151 545 286 606 minibus.
321 545 428 603 Sensus
454 546 513 605 est:
537 544 563 602 si
585 544 617 602 tu
640 542 794 604 deliciosus
817 543 844 602 ·i·
867 542 996 603 insolens
1019 543 1145 619 haberis,
1168 548 1201 605 ut
1223 564 1301 611 now.
1314 570 1379 611 o-ee

150 654 243 710 strum
273 664 386 707 carmen
416 648 497 707 flocci
519 648 700 722 pendatura
728 649 758 707 te
781 663 813 706 oo
839 646 914 721 quod
943 648 983 706 sit
1012 647 1159 719 modicum,
1191 667 1277 723 pasce

149 754 275 813 animum
299 751 486 824 saecularium
504 754 651 825 poetarum
666 751 850 811 carminibus.
873 750 986 809 Gaenon
1002 768 1113 826 graece,
1129 770 1275 814 commune

149 858 249 928 latino,
280 856 349 915 inde
376 871 465 915 caena
494 853 600 914 dicitur
623 871 640 912 a
662 855 902 929 communicando,
925 854 993 928 quia
1015 855 1056 914 ibi
1078 854 1179 916 multis
1200 856 1276 929 apud

127 962 285 1035 santiquos
306 957 499 1034 prandebant,
523 957 598 1017 sicut
613 959 641 1016 et
659 958 822 1017 conuiuium
847 957 952 1016 dicitur
968 974 985 1016 a
1000 956 1185 1033 conuiuendo,
1201 961 1275 1034 quod

149 1064 249 1125 Graeci
272 1062 437 1138 symposion
458 1064 572 1123 amant.
595 1062 649 1120 Sed
672 1060 770 1121 Cicero
793 1061 865 1120 dicit
881 1060 983 1119 melius
999 1061 1087 1121 latine
1102 1062 1275 1139 conuiuium,

148 1168 229 1228 ducit
252 1166 475 1236 aconuiuendo,
498 1164 573 1239 quod
591 1163 690 1223 Graeci
714 1163 891 1239 symposium
914 1168 1017 1223 uocant
1039 1180 1058 1222 a
1079 1167 1275 1242 compotando.

149 1271 330 1345 Quicquid
361 1269 468 1329 uolat
495 1267 523 1328 ·i·
553 1269 648 1329 omnia
676 1284 786 1342 genera
817 1266 924 1327 auium.
955 1267 1116 1342 Allegorioo
1140 1270 1275 1344 loquitur.

149 1376 222 1435 Tres
248 1372 322 1435 sunt
343 1373 453 1447 species
474 1372 683 1447 philosophiae,
707 1388 778 1444 quas
800 1370 848 1430 hio
869 1372 982 1445 tangit:
1004 1372 1119 1445 Ethios‚
1142 1374 1276 1450 Physica,
1381 1364 1385 1373 ’

111 1496 140 1535 ιο
149 1479 268 1553 logica.
296 1479 351 1537 Per
365 1492 443 1536 mare
458 1474 640 1550 intellegitur
655 1474 761 1532 Ethica
776 1476 804 1533 ·i-
819 1459 989 1549 inmortalis,
1012 1493 1085 1550 quae
1101 1479 1134 1537 do
1149 1479 1277 1539 moribus

149 1582 297 1643 hominum
320 1582 468 1655 disputat;
496 1594 548 1654 per
570 1583 677 1638 terram
700 1578 833 1653 Physica,
868 1596 942 1653 quae
964 1580 999 1640 de
1029 1598 1123 1640 rernm
1152 1582 1277 1643 omnium

148 1688 255 1745 natura
284 1686 407 1755 tractst;
437 1698 488 1758 per
517 1684 598 1741 astra
618 1682 727 1756 logica
748 1684 775 1741 ·i·
797 1682 990 1754 rationabilis,
1013 1701 1086 1757 quae
1110 1687 1145 1743 de
1167 1685 1277 1749 diuinis

148 1791 237 1850 rebus
265 1790 373 1847 narrat.
419 1787 635 1860 Carpsimus
663 1786 691 1844 ·i·
720 1785 903 1858 sumpsimus
932 1787 1130 1861 Metaphoram
1161 1792 1276 1851 seruat:

147 1908 200 1966 per
230 1893 343 1951 hortum
371 1907 492 1966 paruum
519 1890 679 1964 ingenium,
709 1905 760 1964 por
789 1889 873 1950 holus
900 1892 1041 1950 modicum
1070 1908 1195 1970 carmen,
1224 1910 1277 1968 per

107 1998 255 2055 salestam
288 2011 391 2069 corpus
424 1995 572 2068 caducum,
607 1994 712 2068 fragile
746 1994 793 2053 nel
821 1994 908 2053 fictile
935 1996 999 2055 uult
1026 1996 1172 2071 intellegi;
1201 1999 1275 2057 unde

147 2102 315 2176 apostolus:
339 2099 399 2159 Nos
421 2099 559 2159 habemus
583 2100 749 2158 thesaurum
775 2097 973 2158 absconditum
999 2101 1030 2159 in
1046 2099 1126 2159 nasis
1140 2100 1277 2160 fictilibus

147 2206 177 2271 ,i·
208 2203 374 2277 corporibus
404 2204 524 2263 nostris.
569 2202 833 2273 Grandisonis,
864 2202 1060 2278 grandiloquis
1090 2204 1275 2265 carminibus.

146 2307 220 2365 'l'res
249 2309 317 2365 suut
344 2308 521 2367 caracteres:
552 2304 682 2377 humilis,
711 2306 832 2379 medius,
862 2307 1080 2381 grandiloquus,
1104 2308 1156 2367 hos
1179 2323 1276 2368 omnes

147 2410 293 2484 Virgilius
315 2411 423 2485 angit.
460 2408 627 2484 'lragico
650 2410 678 2468 ·i·
702 2407 765 2469 uili.
792 2406 918 2484 ‘Tragos'
943 2413 1019 2470 enim
1039 2427 1151 2486 graece,
1177 2411 1277 2471 hirous

104 2513 257 2591 solatius,
280 2514 351 2573 binc
367 2510 544 2587 ‘tragemata'
562 2528 675 2588 graece,
694 2511 766 2572 uilia
781 2516 961 2592 munuscula,
978 2514 1119 2575 colobidia
1134 2512 1277 2594 hebraice,

147 2615 243 2677 latine
279 2616 410 2679 bellaria.
455 2616 585 2693 (iotae,
622 2633 749 2692 persona
781 2618 890 2677 comica
920 2620 965 2677 est
1000 2620 1075 2693 apud
1105 2620 1276 2682 Terentium.

147 2720 240 2779 Getae
262 2720 319 2795 ipsi
341 2723 409 2779 sunt
425 2719 511 2794 llysii
534 2720 641 2800 populi,
664 2720 837 2779 ioculatores
855 2720 967 2780 lusibus
982 2723 1102 2781 nimium
1117 2726 1276 2786 studentes.

147 2825 246 2883 (lont
257 2823 339 2898 agia
361 2824 387 2882 ·i·
404 2823 488 2901 uitia,
504 2825 623 2884 scelera.
647 2823 817 2897 contagium
833 2828 878 2884 est
892 2825 1008 2884 morbus
1023 2826 1158 2899 porcinus
1173 2828 1277 2900 dictus,

146 2927 225 3003 quod
252 2927 338 2987 unius
368 2928 503 2987 contactu
531 2926 561 2985 in
589 2926 687 3000 plures
717 2927 899 3002 diffunditur,
928 2929 1003 2987 idem
1031 2930 1078 2989 est
1106 2932 1136 2988 et
1163 2929 1278 3004 porrigo

101 3048 166 3091 sea
195 3029 367 3105 porrigendo
396 3046 428 3091 eo
450 3030 525 3105 quod
553 3031 590 3089 ab
623 3048 680 3090 uno
709 3032 739 3090 in
768 3032 840 3091 alios
868 3033 1005 3106 porrigat.
1051 3033 1279 3093 llonimonta

147 3136 179 3193 ·i·
202 3134 423 3203 recordationes,
447 3136 653 3195 monimentum
676 3133 703 3192 ·i·
726 3134 862 3194 memoria
876 3152 908 3195 eo
924 3135 998 3209 qnod
1014 3138 1137 3195 mentem
1152 3142 1278 3199 moneat.

146 3237 178 3296 N
187 3236 318 3296 iliacis
340 3237 468 3299 biblis.
499 3236 584 3297 Nilus
607 3240 652 3297 est
666 3239 792 3312 Aegypti
808 3238 913 3299 fluuius
930 3242 958 3298 et
973 3239 1013 3299 ibi
1029 3240 1124 3301 biblus
1140 3242 1277 3302 nascitur.

148 3339 256 3399 Biblus
278 3342 354 3400 enim
377 3343 422 3400 est
444 3341 534 3402 maior
555 3342 667 3413 iuncus,
691 3341 740 3416 qui
764 3344 794 3402 et
811 3344 929 3418 papirus
946 3343 1061 3418 dicitur,
1078 3346 1153 3405 unde
1171 3346 1280 3407 fiebant

146 3440 220 3501 libri
244 3443 319 3517 apud
344 3444 485 3517 antiquos.
522 3444 600 3504 Bihli
616 3445 690 3503 enim
706 3460 818 3519 graece,
835 3445 928 3505 latine
944 3446 1021 3508 libri.
1055 3447 1169 3509 Dicitur
1183 3454 1279 3511 antem

101 3568 137 3610 ,ο
152 3540 257 3604 ‘Nilus’
281 3547 364 3620 qnasi
388 3547 528 3607 Neonilus
551 3548 579 3606 ·i·
602 3566 707 3609 nouum
721 3550 840 3609 trahens
862 3550 971 3609 limum.
1017 3551 1111 3612 Odas
1127 3553 1153 3611 ·i·
1169 3554 1277 3614 laudes.

146 3650 339 3710 Resonaro
362 3652 388 3709 ·i·
411 3669 593 3730 concrepare,
623 3654 700 3714 sicut
727 3654 756 3713 in
783 3655 896 3729 psalmo
925 3655 1048 3730 legitur:
1082 3656 1118 3715 In
1139 3658 1279 3731 psalterio

146 3753 327 3813 decachordo
360 3756 483 3829 psallam
516 3755 579 3816 tibi.
625 3756 680 3817 Sed
703 3757 757 3817 hoo
793 3774 849 3817 non
887 3759 1024 3832 recipitur
1061 3763 1095 3821 de
1129 3760 1278 3835 psalterio,

252 3922 269 3975 6
286 3921 319 3975 of.
333 3922 365 3976 de
378 3938 433 3981 sen.
452 3925 493 3990 13,
511 3925 546 3978 45
627 3925 660 3980 16
678 3926 712 3979 ci.
726 3925 756 3980 11
767 3926 825 3982 Cor.
845 3928 869 3991 4,
888 3928 904 3981 7
981 3928 1015 3983 31
1033 3928 1132 3985 Psslm.
1152 3931 1209 3995 143,
1228 3932 1245 3985 9

204 4077 216 4129 l
237 4064 341 4132 neolone
359 4080 415 4135 AB
517 4082 534 4135 4
555 4081 639 4137 latino
656 4099 706 4137 om.
726 4084 753 4138 A
856 4086 1279 4156 abscisumabscisum

143 4185 175 4235 ct
195 4180 361 4237 conhibendo
465 4184 565 4239 multos
587 4186 655 4241 A¹B
758 4188 791 4241 12
813 4176 902 4257 logice
923 4191 965 4254 A,
999 4191 1161 4261 astrologice
1183 4194 1212 4248 B

141 4282 270 4338 rational
287 4285 314 4339 A
420 4286 456 4341 22
471 4288 543 4343 misu
560 4289 607 4355 Δί,
636 4277 718 4377 musii
736 4290 763 4344 Β

198 4404 233 4461 Χ.
1147 4418 1180 4475 21
