2774 4830
10 2080 13 2185 i

10 2200 13 2307 i

1090 332 1190 379 XLVII

55 502 184 567 adiutus
207 502 266 567 uim
301 500 383 565 liber
416 500 481 583 ipse
504 500 601 566 Prusa
628 501 791 584 praecipuo
813 501 897 566 baud
920 503 1025 582 paucis
1048 501 1123 566 locis
1145 499 1187 566 ab

57 606 112 672 illo
135 605 303 670 emendate
336 604 389 669 uel
411 604 599 669 coniecturis
628 608 736 669 oruata
762 605 907 670 testatur.
945 604 1013 669 Nec
1036 604 1188 668 minorem

58 708 197 794 gratiam
220 709 313 774 debeo
335 705 518 771 ministeriis
539 705 673 788 publicis
689 707 720 770 et
735 706 993 772 bibliothecarum
1008 706 1187 788 praefectis,

57 813 111 896 qui
134 811 216 877 mibi
246 811 420 876 inmensam
444 811 610 874 materiam
639 811 831 892 conquirenti
860 811 988 877 consilio
1017 829 1072 876 suo
1096 808 1188 874 adfu-

59 918 151 980 erunt
174 918 207 979 ct
229 916 370 980 codicum
393 912 646 978 excutiendorum
663 914 782 996 copiam
805 912 952 990 fecerunt,
977 912 1088 977 deinde
1111 912 1188 976 uiris

59 1018 251 1084 doctissimis
282 1035 412 1100 quorum
443 1015 628 1100 apographis
651 1015 828 1082 Sedulianis
858 1018 905 1083 uti
931 1016 1010 1082 mihi
1038 1015 1130 1080 licuit
1151 1019 1188 1080 ut

60 1119 91 1185 (i.
125 1120 316 1203 Schenkl,
350 1122 401 1203 qui
435 1118 551 1184 Sedulii
586 1120 716 1203 hymnos
746 1119 902 1185 eduobus
937 1119 1092 1186 codicibus
1126 1138 1188 1183 uno

62 1222 202 1290 Parisino
220 1224 319 1289 altero
341 1223 494 1298 leidensi,
518 1223 559 1287 Η.
583 1222 809 1303 Bradshaw‚
834 1225 886 1306 qui
909 1223 1040 1308 hymnos
1056 1242 1090 1288 ox
1106 1223 1186 1289 libro

61 1327 244 1410 perantiquo
282 1325 533 1408 cantebrigiensi
577 1325 746 1407 descriptos
783 1326 1011 1410 suppeditauit3
1056 1325 1188 1409 denique

63 1437 163 1497 mente
186 1432 280 1514 grata
301 1429 401 1495 recolo
423 1448 486 1508 eos,
509 1429 655 1512 aquibus
678 1430 796 1494 codices
819 1431 900 1494 totos
922 1429 953 1493 in
975 1448 1079 1495 meum
1096 1448 1187 1494 usum

63 1551 202 1599 mcussos
226 1535 276 1599 uel
298 1533 453 1615 inspectos
477 1549 543 1597 esse
565 1551 659 1615 supra
674 1533 774 1601 docui.
800 1531 869 1598 Iam
891 1533 984 1616 longo
1006 1551 1106 1599 errore
1127 1523 1188 1597 ‘in-

64 1655 203 1702 mensum
226 1635 380 1719 paschalis
415 1636 562 1701 carminis
595 1636 734 1720 pelagus’
769 1637 885 1702 emensi
914 1637 991 1701 litus
1019 1640 1187 1720 tangamus

65 1742 195 1823 gustum,
233 1742 260 1805 si
297 1739 355 1805 hoc
390 1757 480 1822 opere
517 1739 636 1821 aliquid
674 1740 839 1822 profecisse
876 1738 1069 1817 uidebimur3
1113 1757 1187 1804 nam

68 1842 250 1927 experientia
277 1844 455 1910 roboratum
487 1843 526 1909 ad
548 1863 664 1909 nouum
687 1844 826 1908 laborem
848 1843 1009 1908 inuitat—
1024 1843 1187 1908 quencus.

104 1979 217 2063 Scripsi
240 1981 446 2048 vindobonae
468 1982 577 2048 idibus
599 1981 830 2047 Nouembribus
853 1999 883 2047 a.
907 1981 1001 2047 1884.

812 2239 971 2309 iohannes
994 2237 1143 2307 bucmar.
