2774 4830
490 319 641 390 Remigii
665 320 842 389 expositio.
1167 319 1226 385 331

101 516 224 575 silentes
252 515 480 583 meditabantur;
513 514 641 574 ambulat
668 516 889 591 Peripateticus,
920 519 980 575 stat
1003 516 1126 583 Stoicus,
1152 518 1230 575 amat

101 621 188 679 fletus
212 620 354 693 Socrates,
379 619 427 692 qui
451 635 562 693 semper
591 618 680 678 flebat
706 637 738 678 eo
760 620 833 691 quod
857 619 969 678 uideret
991 620 1120 678 homines
1144 617 1230 678 huius

101 723 211 782 saeculi
241 722 313 781 uitia
343 721 461 792 sectari,
491 723 600 795 crispat
630 723 800 781 cachinnum
833 723 1021 796 Democritus,
1044 724 1092 795 qui
1116 739 1231 796 semper

100 825 201 883 risisse
231 824 346 896 dicitnr,
376 824 443 896 quia
473 824 589 882 uidebat
619 824 748 883 homines
782 824 936 884 auaritiam
966 828 995 882 et
1022 826 1119 898 turpia
1148 824 1230 884 lucra

76 927 189 987 abuius
212 926 320 986 saeculi
343 926 458 985 scolari.
496 926 574 985 Hinc
596 925 746 984 quenalis
772 923 915 999 ‘perpetuo
936 926 997 986 risu
1021 928 1132 999 agitare
1155 929 1230 987 sole·

98 1033 152 1088 bat
175 1031 336 1103 pulmonem
360 1024 559 1088 Democritus’.
605 1028 759 1087 Vexilla
780 1029 914 1087 dicuntur
933 1029 1106 1088 auebendo.
1131 1030 1227 1088 l‘eril·

100 1134 159 1193 lum
190 1138 234 1192 ost
263 1134 376 1207 signum
407 1132 540 1192 militare.
584 1135 698 1191 launa
728 1150 802 1193 uos,
841 1132 1054 1206 apostrophum
1089 1132 1160 1191 lacit
1194 1133 1231 1192 ad
1297 1185 1301 1193 .

99 1236 177 1313 illos,
202 1237 251 1309 qui
275 1236 390 1294 Christo
413 1235 551 1294 militant.
581 1235 677 1295 Ianua
699 1235 803 1294 dicitur
826 1235 970 1312 Christus,
987 1235 1055 1307 quin
1070 1253 1121 1309 per
1136 1236 1231 1309 ipsum

99 1341 219 1400 uenitur
250 1340 286 1397 ad
315 1339 419 1412 ipsum.
457 1339 549 1396 lanua
577 1341 623 1397 est
654 1337 769 1396 initium
800 1341 899 1397 domus
929 1340 959 1396 et
987 1338 1092 1397 dicitnr
1118 1339 1230 1399 alano

63 1443 165 1515 10deo,
190 1444 235 1501 cui
259 1446 456 1501 consecratum
479 1446 543 1500 erat
565 1440 679 1500 initium
709 1441 934 1514 uniuscuiusque
957 1440 1008 1500 rei.
1047 1441 1119 1500 Inde
1141 1443 1230 1501 Ianu-

101 1545 179 1604 arius
203 1546 311 1604 mensis
334 1546 440 1604 dicitur
470 1561 502 1603 eo
534 1546 607 1617 (ruod
638 1543 706 1602 anni
735 1544 774 1601 sit
803 1543 986 1616 principium.
1034 1547 1075 1603 ln
1098 1545 1181 1603 albo
1204 1544 1230 1604 -i-

101 1651 134 1708 in
157 1648 275 1707 caelesti
291 1647 374 1707 libro.
401 1647 508 1706 Album
524 1652 570 1706 est
585 1647 700 1720 tabula,
711 1647 760 1705 ubi
776 1648 978 1707 scribebantur
995 1664 1089 1706 eorum
1105 1647 1231 1717 uomina,

99 1753 149 1824 qui
185 1752 221 1809 ad
255 1751 387 1810 militiam
422 1750 643 1824 recipiebantur,
674 1751 703 1809 et
725 1750 750 1808 si
780 1751 885 1822 aliquis
915 1767 1010 1809 eorum
1040 1751 1231 1823 interemptus

100 1856 188 1927 osset,
214 1854 249 1912 ad
272 1858 359 1928 caput
380 1856 504 1914 nominis
528 1854 619 1926 ipsius
645 1850 673 1911 Θ
695 1852 794 1912 littora
817 1853 1006 1922 scribebatur,
1023 1870 1095 1926 quae
1111 1855 1230 1912 mortem

61 1956 254 2031 15significat.
300 1956 437 2015 Tremit
460 1957 487 2013 ·i.
510 1957 594 2015 sonat
621 1958 706 2031 atquo
741 1955 826 2014 dicit:
862 1956 965 2013 Parate
1000 1956 1074 2014 uiam
1107 1956 1230 2015 domiuo.

97 2061 167 2119 Leo
190 2078 327 2134 magnam
349 2076 448 2119 uocem
471 2060 558 2117 habet
581 2062 610 2118 et
633 2057 695 2131 ipse
714 2061 821 2117 estrex
838 2058 1006 2131 bestiarum,
1023 2058 1230 2131 propterquod

99 2180 169 2223 uero
192 2165 307 2223 Marcus
331 2162 359 2221 in
383 2160 603 2223 similitudinem
629 2162 717 2221 leonis
740 2161 883 2239 pingitur,
905 2161 973 2235 quia
996 2178 1030 2220 ea
1052 2177 1122 2220 uoce
1146 2178 1229 2221 suurn

98 2266 250 2327 inchoauit
284 2265 463 2339 euangelium
493 2269 524 2324 ut
553 2282 607 2325 uox
636 2265 787 2324 clamantis
823 2268 852 2325 in
887 2265 1011 2336 deserto,
1045 2267 1075 2324 et
1103 2266 1229 2339 regalem

99 2368 211 2428 Christi
234 2369 372 2428 describit
394 2368 577 2442 dignitatem.
616 2367 789 2441 quenci,
821 2367 918 2430 uituli.
953 2369 1096 2428 lunencus
1122 2370 1231 2428 dicitur

57 2490 118 2538 aaa
152 2473 296 2531 innomine
330 2489 362 2532 eo
395 2474 470 2545 quod
504 2473 634 2530 iuuamen
673 2473 813 2545 praebeat
846 2473 882 2531 ad
916 2471 1084 2531 sulcandum
1122 2477 1231 2531 terram

96 2574 275 2634 hominibus.
313 2577 456 2634 iuuencos
480 2574 557 2634 enim
586 2580 649 2633 erat
678 2575 783 2635 solitus
818 2573 959 2634 immolari
993 2576 1023 2634 iu
1053 2573 1171 2648 templo,
1200 2576 1231 2633 et

96 2680 194 2739 Lucas
225 2696 261 2738 ea
286 2678 433 2754 describit,
462 2696 535 2752 quae
565 2678 696 2738 dominus
724 2681 754 2738 in
784 2678 891 2753 templo
925 2682 956 2739 et
983 2678 1059 2737 circa
1092 2677 1230 2751 templum

95 2784 202 2856 gessit.
247 2782 392 2842 lohannes
423 2799 474 2855 per
497 2781 622 2855 aquilam
646 2783 825 2854 designatur,
859 2780 927 2854 quia
960 2780 1034 2839 sicut
1070 2780 1168 2853 aquila
1200 2780 1229 2837 in

98 2886 295 2944 reuerberatis
318 2884 409 2944 oculis
425 2885 513 2945 solem
537 2884 652 2957 aspicit,
675 2885 718 2942 ita
740 2884 886 2943 lohannes
909 2901 996 2957 supra
1019 2900 1118 2942 omues
1135 2882 1230 2941 caelos

56 3014 86 3053 25
98 2986 226 3047 uolitans
260 2987 441 3046 diuinitatem
481 2988 606 3060 Christi,
645 3006 730 3062 quam
764 2988 849 3047 ceteri
885 2987 1082 3060 euangelistae
1117 2985 1230 3046 descri-

97 3090 217 3152 bebant.
257 3090 440 3151 Procerus
463 3092 489 3150 ·i.
507 3092 664 3166 principes.
693 3091 829 3150 Proceres
845 3091 960 3165 proprie
976 3090 1110 3150 dicuntur
1126 3088 1230 3149 mutuli

97 3195 127 3253 ·i·
156 3194 251 3268 capita
280 3194 416 3269 trabium,
454 3212 526 3269 quae
560 3197 687 3253 eminent
720 3195 749 3254 iu
783 3193 930 3253 aedificiis.
969 3193 1047 3252 Hinc
1084 3193 1230 3267 principos

95 3313 234 3371 proceres
250 3297 386 3357 dicuntur
402 3314 434 3355 eo
450 3297 523 3371 quod
540 3297 684 3355 emineant
700 3297 776 3354 inter
791 3297 912 3356 ceteros.
947 3296 1088 3355 biensis
1111 3298 1231 3355 uocatur

95 3416 117 3457 a
139 3416 222 3459 mene
245 3401 271 3458 ·i·
294 3418 311 3458 a
333 3399 413 3471 luna,
437 3399 505 3474 quia
528 3400 684 3459 secundum
709 3416 822 3457 cursum
840 3398 925 3457 lunae
941 3400 1090 3458 mutantur
1104 3414 1228 3459 mensos.

52 3504 282 3578 wManiplos
305 3504 484 3578 primitiuum
508 3505 561 3571 est,
591 3502 658 3561 iude
680 3501 843 3574 manipulus
870 3500 1083 3573 diminutiuum,
1115 3501 1229 3575 proprie

98 3608 198 3665 autem
229 3608 379 3681 quingenti
409 3608 526 3679 milites,
557 3607 632 3666 idom
661 3607 705 3663 est
734 3607 764 3663 ot
799 3605 908 3663 cohors
948 3604 1110 3679 Manipulos
1146 3606 1229 3663 uocat

95 3712 176 3770 bona
200 3727 295 3785 opera.
329 3710 424 3769 Meto
448 3714 494 3769 est
516 3710 632 3784 colligo,
656 3708 721 3767 indo
744 3708 850 3768 dicitur
874 3708 986 3780 messis,
1011 3709 1084 3781 quod
1101 3706 1229 3781 singulis

94 3813 184 3873 aunis
213 3813 378 3886 colligatur.
416 3812 519 3872 Metior
549 3811 660 3871 metiris
689 3814 735 3870 est
763 3827 906 3881 mensuro,
930 3812 1021 3871 motor
1043 3810 1160 3868 metaris
1183 3814 1229 3869 est

202 3995 389 4051 dascusa

152 4165 186 4221 10
202 4139 264 4221 orni'
282 4168 312 4234 (u
329 4184 348 4220 a
365 4183 399 4221 m.
418 4169 448 4233 2)
466 4167 494 4220 A
598 4166 631 4219 18
647 4129 733 4218 ‘r‘rerto
751 4163 795 4232 (de
812 4180 829 4217 α
848 4179 882 4217 m.
900 4165 931 4225 2>
950 4164 976 4215 A
1062 4160 1229 4217 describebat

92 4254 124 4308 A
229 4252 261 4307 31
281 4253 375 4308 choors
393 4253 421 4306 A
