2774 4830
53 250 57 269 Ι
115 308 181 373 330
588 304 771 375 Appendix.

116 502 213 563 iussus
246 506 290 561 est
319 502 416 561 uenire
439 501 552 573 Arrius,
575 503 607 559 ut
636 500 677 560 ibi
706 502 768 561 cius
798 503 959 574 patesceret
980 500 1064 561 fides.
1101 502 1245 573 Quicum

116 605 374 679 adpropinquasset
397 604 434 663 ad
449 606 601 678 synodum,
624 606 722 662 sancto
738 604 903 663 Alexandro
918 605 1052 679 episcopo
1067 605 1098 663 in
1115 606 1246 665 emtione

114 710 317 781 perseuerante
346 707 433 766 nimio
462 710 570 765 terrore
598 709 732 780 arreptus
758 708 813 781 est,
843 708 912 765 adeo
940 710 971 766 ut
1004 708 1102 766 omnia
1130 708 1245 768 uiscera

116 810 177 871 eius
200 811 298 871 dolore
320 809 483 871 deficerent.
521 810 600 868 Tunc
622 809 709 868 iussit
731 809 787 868 sibi
809 810 907 882 parari
930 810 1065 870 latrinas.
1103 811 1151 870 Ad
1172 830 1244 885 quas

114 930 179 973 cum
201 914 337 985 uenisset,
361 914 466 973 diffusa
488 916 559 972 sunl
581 912 674 971 omnia
704 912 815 971 uiscera
837 911 909 991 cius,
943 913 1010 987 quia
1039 913 1116 973 iusto
1140 913 1276 974 iudicioe

2 1015 161 1075 aco-ceadei
198 1016 272 1075 sicut
300 1032 406 1075 uacuus
437 1018 502 1075 erat
523 1018 627 1085 monte,
651 1016 694 1074 sic
716 1016 856 1075 remansit
877 1033 985 1076 uacuus
1011 1020 1122 1077 uentre.
1160 1020 1244 1078 Gur·

115 1137 157 1178 ue
178 1134 240 1191 per
262 1118 347 1178 auia
369 1120 396 1177 ·i·
419 1136 469 1192 per
492 1118 652 1178 falsitatem
670 1119 753 1192 praui
775 1119 930 1192 dogmatis,
964 1120 1070 1178 Auium
1094 1124 1142 1179 est
1164 1124 1244 1181 loeus

114 1223 175 1280 sine
205 1220 263 1292 nia,
291 1237 382 1294 apro
411 1222 471 1280 sino
500 1220 626 1296 ponitur.
671 1221 803 1297 Nepos,
833 1239 922 1296 nepos
950 1223 1056 1281 dicitur
1086 1224 1163 1283 iilius
1192 1225 1244 1283 lilii

114 1326 144 1381 ot
171 1340 260 1396 nepes
289 1323 371 1396 qussi
400 1327 486 1383 natus
516 1324 589 1396 post.
635 1324 752 1394 Quando
781 1323 870 1383 filiurn
899 1327 949 1382 aut
971 1325 1062 1384 filiurn
1085 1327 1244 1401 signifieat,

115 1425 186 1484 facit
208 1425 255 1484 hic
277 1442 365 1499 nepos
387 1430 415 1484 et
437 1427 507 1483 baec
522 1426 627 1498 neptis,
644 1427 757 1498 qnando
773 1442 841 1485 uero
857 1424 1042 1501 luxuriosum,
1060 1429 1155 1489 hicet
1173 1434 1243 1490 baec
1254 1457 1275 1495 ro

113 1544 211 1602 nepos.
255 1529 341 1599 dui,
380 1546 450 1587 anus
485 1527 590 1585 dicitur
618 1528 700 1599 qnasi
735 1528 831 1585 cuitus
864 1528 892 1585 ·i-
926 1529 1071 1603 antiquus.
1115 1532 1244 1594 Totum

113 1647 309 1693 commune.
349 1630 514 1689 Communio
547 1631 593 1689 uel
621 1630 809 1689 communitas
844 1632 872 1688 iu
902 1636 1005 1690 saneta
1028 1633 1175 1694 Trinitate
1198 1644 1243 1696 est

112 1734 238 1808 exceptis
266 1734 397 1793 relatiuis
424 1734 597 1793 nominibus.
635 1733 717 1803 Quod
739 1736 834 1806 potest
856 1734 1064 1807 cathegorizari
1088 1738 1124 1796 de
1147 1742 1241 1813 patre,

112 1836 166 1896 hoc
200 1838 234 1896 de
267 1837 335 1907 lilio,
370 1838 422 1896 boc
454 1839 488 1896 de
517 1836 622 1910 spiritu
652 1840 769 1898 sancto:
807 1842 840 1894 ut
869 1838 970 1908 bonus,
1000 1857 1135 1913 magnus,
1166 1845 1241 1921 pius,

113 1940 292 2013 omnipotens
308 1943 337 1998 et
352 1942 409 1999 cet.
432 1940 558 2014 exceptis
574 1940 650 1998 sicut
672 1958 761 2014 supra
777 1942 883 2000 dictum
907 1948 952 2001 est
968 1943 1100 2003 relatiuis
1115 1948 1274 2015 nomini-15

112 2044 176 2104 brus.
220 2044 291 2112 Quo
314 2047 468 2102 crescat
485 2046 513 2103 ·i·
535 2044 639 2117 ubique
661 2042 806 2118 perlectus
829 2047 874 2104 est
897 2062 954 2105 non
971 2050 1096 2107 creatus.
1134 2049 1241 2110 Arrius

111 2147 225 2206 dicebat
250 2143 320 2206 ‘esse
343 2143 522 2216 creaturam',
545 2149 596 2206 sed
618 2147 757 2206 mentitus
780 2150 832 2218 est,
857 2165 913 2208 uon
937 2149 1012 2210 euim
1034 2149 1091 2209 fnit
1113 2157 1240 2229 creatus,

111 2251 161 2309 sed
194 2250 319 2323 genitus.
364 2250 451 2307 Nam
485 2250 569 2322 quia
603 2249 669 2323 qui
693 2267 847 2308 summus
869 2251 896 2308 ·i.
919 2252 1057 2314 excelsus.
1094 2255 1241 2331 Intellege

111 2351 166 2411 uim
190 2354 356 2411 uerborum:
379 2352 447 2412 Non
470 2352 517 2411 hic
540 2355 585 2412 ost
608 2352 684 2412 filins
707 2353 756 2426 qui
779 2355 808 2411 et
830 2356 922 2427 pater,
946 2357 996 2415 sed
1021 2357 1074 2416 hoc
1099 2362 1145 2419 est
1160 2361 1240 2421 filius

109 2457 183 2529 quod
206 2462 235 2514 et
258 2460 340 2530 pater
364 2457 390 2513 ·i·
406 2473 464 2514 nna
491 2457 666 2515 substantia.
704 2457 801 2515 Distat
827 2458 901 2516 iuter
924 2458 971 2517 bic
993 2462 1023 2518 et
1045 2461 1107 2534 boc,
1131 2463 1182 2521 hic
1203 2466 1272 2527 adso

108 2576 252 2631 personas,
284 2561 338 2618 hoc
368 2562 402 2619 ad
438 2560 628 2620 substantiam
664 2561 804 2634 pertinet.
849 2562 964 2621 Vnum
995 2579 1130 2625 sumus.
1172 2566 1237 2625 Non

109 2662 182 2720 dixit
213 2659 303 2722 ‘unus'
333 2664 381 2721 sed
414 2659 518 2724 ‘unum’
553 2665 581 2722 ci·
610 2681 667 2722 una
694 2664 867 2725 substantia.
911 2664 1045 2725 Arrius
1073 2684 1181 2727 uenum
1211 2670 1238 2728 ·i·

108 2781 192 2824 unam
216 2767 408 2825 substantiam
432 2768 505 2826 scire
527 2767 622 2826 debet.
646 2765 700 2825 llle
716 2769 790 2827 enim
805 2767 916 2827 dicebat
933 2771 993 2828 tres
1016 2784 1079 2830 esee
1095 2788 1237 2844 personas

111 2868 189 2942 bone,
214 2871 243 2927 et
258 2872 318 2929 tres
333 2869 510 2930 substantias
527 2871 611 2931 male.
642 2871 760 2930 Dicebat
774 2872 848 2930 enirn
863 2871 967 2931 Filium
982 2873 1118 2933 minorem
1136 2875 1235 2948 Patre,

109 2972 246 3045 Spiritum
270 2977 401 3032 sanctum
425 2974 562 3033 minorem
587 2976 705 3048 utroque
727 2978 757 3034 et
779 2979 879 3036 contra
895 2975 1038 3035 sabellius
1060 2995 1150 3037 unam
1165 2980 1272 3043 sub-ae

107 3075 245 3133 stantium
278 3076 361 3149 bene,
394 3079 444 3136 sed
476 3094 561 3135 unam
590 3094 742 3149 personam
772 3079 854 3138 male.
888 3078 1007 3137 Dicebat
1029 3078 1123 3138 enim:
1148 3082 1237 3142 Pater

107 3177 218 3249 qnando
242 3179 316 3252 uult,
337 3186 422 3253 prater
438 3184 493 3249 est,
517 3180 628 3253 quaudo
643 3179 717 3254 uult,
733 3181 810 3239 lilius
825 3183 878 3251 est,
894 3182 1006 3254 quando
1021 3184 1096 3260 uult,
1112 3184 1236 3258 spiritns

106 3282 223 3339 sanctus
256 3286 312 3341 est.
353 3285 428 3342 Isto
451 3286 478 3342 ·i·
503 3283 644 3341 Sabellins
672 3282 756 3342 fidem
784 3292 897 3342 ternam
925 3283 1010 3343 debet
1036 3286 1120 3345 scire.
1168 3290 1238 3348 Ast

107 3380 167 3442 hic
196 3383 222 3442 ·i·
250 3385 362 3447 Anulus.
408 3385 622 3444 Cachinnus
660 3388 706 3443 est
747 3385 904 3445 dissolutus
945 3387 1020 3446 risus
1048 3389 1076 3448 ·i·
1108 3392 1235 3464 crispus.

108 3485 207 3546 Potest
230 3488 319 3547 etiam
342 3488 396 3547 hoc
417 3488 453 3547 ad
476 3488 661 3562 philosophos
682 3489 793 3561 referri,
823 3506 889 3549 nem
912 3490 1102 3565 philosophus
1124 3494 1272 3568 eliquisen

106 3590 227 3649 multum
256 3590 382 3664 loquitur
413 3593 490 3651 sicut
517 3592 668 3672 Epicurus,
705 3593 754 3666 qui
782 3595 817 3653 de
847 3594 991 3654 creatione
1017 3595 1118 3656 mundi
1143 3600 1238 3657 multu

106 3692 187 3753 dixit.
224 3693 346 3752 Dicebat
374 3695 448 3753 enim
481 3694 618 3755 mundum
648 3712 683 3755 ex
712 3696 814 3755 atomis
842 3699 983 3756 constare.
1028 3698 1116 3757 Tacet
1149 3700 1238 3762 nimis

106 3792 181 3853 alter
196 3795 272 3854 sicut
285 3796 481 3871 Pythagorici,
497 3798 545 3871 qui
558 3798 750 3871 quinquennio
763 3798 923 3869 discebant,
940 3817 992 3873 per
1002 3800 1240 3874 quinquennium

153 4077 287 4168 bdiiusa
312 4117 339 4170 A
442 4116 564 4186 ‘lparni
591 4116 629 4171 Δί
647 4134 719 4172 corr.
736 4122 810 4175 md
911 4119 945 4173 24
967 4109 1032 4187 pat'
1052 4126 1091 4184 (re
1110 4138 1129 4175 a
1149 4142 1188 4180 m.
1207 4130 1240 4193 2)

104 4236 131 4288 a
233 4234 268 4291 ae
285 4236 412 4306 superne
430 4238 457 4291 a
559 4237 593 4291 aa
611 4238 727 4294 eunome
745 4242 772 4295 a
874 4240 909 4295 33
926 4207 1069 4309 pitagorae
1088 4244 1115 4297 A
