2774 4830
200 273 269 339 240
702 286 837 340 Sedulii

212 486 244 548 ot
273 480 338 546 iam
368 478 521 545 Dominus
549 477 738 559 constipatus
762 479 922 561 discipulis
946 484 977 547 et
1000 487 1133 551 cateruis
1156 489 1197 553 ad
1221 492 1344 573 puellae

212 583 414 669 gradiebatur
437 582 547 647 funera
568 582 775 648 suscitandae.

163 713 201 775 lo
252 706 325 771 Ibat
354 708 459 771 autem
489 702 589 768 turbis
624 703 722 769 mixta
751 704 848 769 nimio
879 707 996 773 cruoris
1026 711 1143 779 fluento
1167 736 1224 800 per
1247 738 1341 785 anuos

210 808 372 874 duodecim
402 807 517 872 mulier
545 808 694 883 sauciata,
727 826 804 889 quae
835 812 1031 878 medentibus
1060 815 1151 897 plura
1182 822 1340 889 conferens

209 912 350 995 nihilque
373 910 548 994 proficiens,
578 912 611 975 et
633 910 839 976 facultatibus
862 915 977 994 pariter
999 923 1132 985 narnate
1154 924 1366 1004 perdebatmr

209 1020 239 1082 et
260 1017 421 1099 sauguine.
436 1016 442 1026 '
459 1015 513 1079 sed
543 1015 596 1079 nbi
632 1016 756 1081 credulo
790 1016 853 1080 iam
887 1019 954 1081 sani
989 1022 1091 1086 cordis
1125 1043 1244 1092 arcano
1266 1028 1338 1094 fide·

209 1122 248 1187 lis
282 1121 383 1202 coepit
415 1120 570 1184 abundare
604 1120 825 1202 praesumptio,
860 1122 971 1187 mediis
1004 1142 1037 1188 se
1073 1128 1211 1193 cateruis
1248 1132 1337 1196 nebe-

208 1229 329 1288 menter
366 1222 499 1286 insernit
534 1241 725 1305 pamamque
761 1223 867 1288 saltim
905 1225 1083 1291 desiderans
1120 1233 1337 1298 summitatem

209 1327 365 1393 Dominiei
388 1326 563 1409 contingere
585 1325 768 1390 uestimenti
791 1326 950 1410 latensque
973 1332 1126 1412 posterius
1148 1337 1187 1400 ab
1203 1342 1338 1401 extrema

209 1430 372 1514 pendentis
399 1448 454 1494 ora
483 1428 614 1494 laciniae
644 1429 797 1495 turtiuam
825 1433 929 1497 subito
959 1435 1065 1517 rapuit
1087 1437 1286 1527 sospitatem.
1321 1459 1366 1505 on

208 1554 301 1618 quam
323 1536 415 1600 rebus
439 1533 545 1598 arduis
564 1534 766 1616 impetrandis
782 1535 853 1617 plus
869 1538 917 1599 est
934 1537 1085 1603 confidere
1101 1557 1198 1621 quam
1214 1547 1339 1627 rogaro!

208 1640 322 1723 quippe
354 1638 443 1703 uenit
476 1658 510 1702 en
541 1637 630 1701 corde
662 1638 785 1722 fiducia,
818 1658 924 1723 preces
960 1661 995 1706 ex
1028 1640 1137 1725 lingua
1170 1662 1339 1730 precesque

207 1744 331 1824 saepius
355 1742 421 1806 sine
445 1741 534 1805 corde
550 1741 736 1818 funduntur,
758 1741 870 1807 fiducia
892 1743 960 1807 sine
983 1746 1074 1810 oorde
1098 1764 1159 1811 non
1185 1752 1336 1815 nascitur.

208 1864 278 1911 ecoe
308 1864 390 1911 nuno
420 1846 536 1911 femina
566 1844 676 1927 longae
703 1847 856 1927 passionis
879 1848 1031 1930 supplicio
1061 1848 1223 1933 desperata
1254 1852 1338 1918 uenit

207 1953 245 2017 ad
280 1952 444 2027 medicum,
476 1968 537 2015 nou
568 1950 740 2029 obsecrans,
771 1969 833 2015 non
862 1951 1032 2035 ingemens,
1067 1972 1127 2020 non
1161 1953 1368 2039 deplorans,e

207 2056 260 2120 sed
283 2057 387 2120 tacens
410 2054 542 2119 abstulit
565 2057 646 2136 qnod
669 2055 847 2136 quaerebat.
887 2058 991 2122 stabat
1013 2056 1046 2120 iu
1069 2076 1120 2123 ore
1135 2064 1227 2124 muto
1242 2060 1339 2125 silen-

207 2163 296 2238 tium,
327 2164 357 2224 et
393 2159 516 2223 animus
547 2159 704 2223 clamabat
735 2159 774 2223 ad
797 2160 906 2225 Deum.
943 2180 1013 2226 mox
1038 2161 1149 2227 undosi
1171 2164 1339 2247 sanguinis

207 2262 290 2330 rinos
314 2265 412 2328 maior
435 2263 507 2328 fidei
530 2265 699 2329 desiccauit
721 2263 850 2337 alluuie,
874 2265 1059 2346 cunctisque
1080 2266 1203 2349 gratiae
1226 2267 1337 2333 mulie·

258 2525 272 2577 1
300 2523 398 2576 aetiam
426 2523 454 2576 P
568 2486 679 2589 dispens
706 2522 742 2581 (ci
768 2539 787 2575 a
803 2538 837 2575 m.
857 2525 887 2589 2)
906 2522 934 2576 P
1034 2524 1186 2593 2pnellam
1204 2529 1339 2599 ingredis

205 2611 284 2664 betur
302 2610 346 2674 1²¹,
377 2608 551 2677 gradiebatur
570 2624 639 2662 corr.
660 2611 727 2661 rm?
830 2608 981 2663 suscitando
999 2610 1033 2676 P,
1065 2614 1220 2670 suscitanda
1238 2618 1275 2672 H

205 2708 222 2759 3
239 2722 276 2760 nn
295 2718 453 2760 unornvvro
472 2718 626 2758 surrevnms
645 2703 684 2768 R,
719 2702 752 2757 de
769 2704 910 2758 mulieres
931 2705 1062 2773 profluuio
1080 2710 1222 2777 sanguinis
1244 2715 1339 2765 saneta

205 2829 338 2896 dominice
361 2831 437 2881 tactu
464 2827 507 2889 11,
543 2826 574 2878 de
592 2826 704 2879 muliere
722 2841 738 2878 a
756 2826 886 2894 profluuio
910 2830 1042 2881 curatae
1145 2802 1232 2916 terbis
1258 2838 1339 2898 (corr.

204 2969 239 3006 m.
256 2955 286 3017 2)
305 2951 339 3004 H
431 2948 554 3001 immixta
572 2947 621 3001 Bo
717 2947 824 3001 truento
842 2949 869 3002 P
960 2949 1038 3003 annis
1056 2949 1084 3004 P
1181 2926 1338 3007 lsautiate

206 3044 231 3105 (o
248 3056 266 3091 α
283 3055 317 3092 m.
336 3040 365 3099 2>
385 3037 417 3100 P,
448 3035 616 3102 sauciamque
635 3034 694 3087 ΗΒ
785 3034 858 3088 5nil
877 3036 957 3090 HBo
1048 3036 1209 3104 perdebatur
1228 3038 1339 3101 Hortel,

206 3124 334 3192 prodebat
352 3123 415 3185 PH,
442 3120 595 3189 prolueobat
607 3120 642 3184 R,
669 3119 793 3188 prodibat
807 3120 854 3173 Be·
941 3121 958 3175 6
975 3121 1079 3175 credulo
1097 3137 1147 3176 om.
1166 3122 1194 3176 P
1284 3140 1339 3179 cor·

205 3210 276 3278 poris
295 3209 329 3261 H
411 3208 525 3262 archano
536 3207 602 3268 RH,
630 3207 745 3260 archana
758 3207 785 3261 P
872 3206 1054 3261 'ibabundare
1072 3208 1100 3262 B
1191 3210 1338 3280 8parunq;

205 3321 235 3386 P,
267 3296 350 3388 paru}
370 3325 396 3383 (⁶
414 3324 493 3385 eros.)
513 3320 552 3381 B,
582 3333 691 3387 paruam
711 3319 761 3372 Hc
848 3318 962 3372 salutem
981 3319 1023 3385 H,
1053 3320 1136 3373 sainte
1155 3326 1183 3384 (u
1200 3326 1285 3393 eros.)
1302 3324 1337 3383 B.

205 3407 335 3461 saltemo
439 3408 455 3460 9
478 3406 648 3459 uestimentis
672 3405 699 3458 P
803 3405 835 3459 10
857 3404 954 3459 lacinio
979 3405 1006 3461 R
1109 3405 1214 3461 furtiua
1242 3410 1271 3464 P

204 3497 334 3563 sospitate
353 3495 380 3548 P
475 3495 504 3547 ll
524 3493 613 3562 plnres
632 3492 666 3556 P,
698 3497 740 3545 est
757 3507 805 3546 om.
824 3493 875 3546 Hc
971 3493 1005 3546 12
1022 3507 1125 3561 preces*
1147 3496 1177 3563 (q
1196 3502 1281 3563 erne.)
1298 3498 1338 3563 H,

201 3592 284 3688 ligna
301 3622 329 3684 (u
348 3634 366 3670 α
384 3632 417 3669 m.
436 3619 464 3683 2)
487 3615 528 3679 R;
563 3631 654 3684 preces
676 3630 706 3667 ex
730 3614 836 3682 lingua,
860 3628 949 3683 preces
974 3614 1063 3682 sepius
1085 3614 1157 3679 eoo,
1191 3631 1225 3669 ex
1244 3617 1337 3688 lingna

203 3756 291 3810 preces
314 3737 418 3806 saepius
442 3754 459 3791 c
572 3737 604 3790 13
626 3735 706 3789 eorde
728 3734 756 3789 P
857 3706 1002 3818 lundsntur
1027 3740 1109 3798 (corr.
1132 3753 1168 3790 m.
1186 3739 1219 3805 2)
1246 3740 1275 3794 P

202 3861 235 3914 14
258 3832 339 3929 loffge
358 3863 405 3928 (on
422 3860 455 3912 ιἰι
472 3874 537 3923 roa,
559 3873 580 3911 a.
598 3858 616 3910 l.
634 3874 669 3911 m.
681 3861 706 3920 2,
730 3857 761 3910 in
778 3872 829 3926 my.
848 3860 914 3911 m.2
932 3855 1020 3925 lenge)
1040 3856 1067 3911 P
1171 3847 1241 3915 ¹'nit
1259 3865 1304 3933 (ne
1319 3880 1337 3917 n

201 3963 234 4001 m.
252 3949 283 4015 2)
302 3946 336 3999 H
421 3946 453 4001 15
471 3959 578 4014 gemens
597 3943 677 3997 HBo
766 3943 797 3997 16
815 3942 927 3995 sustulit
945 3948 989 4008 (m.
1010 3947 1035 4006 1,
1053 3958 1122 4001 corr.
1141 3949 1222 4015 m.2)
1241 3950 1276 4005 H

201 4066 312 4134 gerebat
330 4068 357 4121 P
458 4070 553 4120 mutuo
576 4063 631 4120 ool.
737 4063 769 4115 17
788 4062 918 4117 exclamat
936 4062 970 4126 P,
992 4036 1142 4120 ⁸¹clamabat
1160 4072 1203 4133 (ex
1220 4087 1242 4124 a
1259 4088 1295 4127 ιιι.
1313 4076 1338 4137 2)

200 4176 228 4230 R
314 4157 379 4228 dmnvn
397 4173 446 4227 Po
543 4169 576 4223 18
593 4168 658 4221 fides
679 4172 701 4232 (s
719 4170 833 4222 exim.
850 4167 944 4232 atrro
1034 4170 1339 4239 postdesiooeuitros

193 4259 302 4318 2ocrb.
321 4258 373 4325 (sni
392 4256 544 4319 muneriet)
562 4254 594 4308 H
610 4253 646 4319 cf.
664 4269 717 4324 esp.
810 4252 919 4308 edlnuio
939 4254 965 4308 B
1057 4256 1188 4312 muliebri
1209 4261 1271 4319 PB
