2774 4830
503 309 657 364 Psechol.
675 310 796 377 Operis
818 309 887 363 Lib.
905 309 928 364 1.
1218 312 1280 379 193

146 499 224 585 plici
248 501 411 565 maiestate
433 502 474 567 sit
497 501 621 583 triplex,
645 505 677 566 ot
694 500 812 583 triplici
835 518 964 582 persona
979 500 1023 564 sit
1037 500 1176 583 simplex.
1203 500 1280 566 huec

147 608 194 668 est
221 604 298 669 fides
320 623 396 667 uera
418 605 450 669 et
471 604 561 669 firmo
585 604 762 669 credulitas.

191 726 282 789 Hanc
315 726 447 791 salutern
482 726 591 790 infelix
614 726 727 790 Arrius
761 723 872 788 habere
899 722 1098 805 contempsit,
1136 724 1189 804 qui
1222 742 1278 806 per
1288 729 1330 792 2⁹

147 828 256 893 deuios
280 832 366 893 curui
390 829 480 893 cellis
502 830 660 893 anfractus
683 831 758 894 dum
781 830 900 893 rectum
923 827 1036 892 nititur
1051 828 1111 892 iter
1126 832 1276 902 auertere,

122 938 263 997 stetrem
294 933 432 1014 ditupsus
455 932 488 995 in
513 932 635 996 foueam
658 930 824 1015 caligantis
847 932 957 995 tortori
980 935 1102 995 secutus
1125 934 1173 995 est
1187 936 1277 995 tene-

145 1034 247 1103 brosa.
282 1040 347 1098 tom
377 1054 467 1099 sensu
497 1054 613 1100 uacuus
644 1036 675 1100 et
703 1034 805 1099 inanis
828 1053 920 1117 quam
943 1036 1083 1117 ternpore
1106 1036 1181 1101 insti
1203 1054 1277 1119 sup-

145 1139 234 1221 plicii
258 1143 366 1203 uentre
381 1157 502 1221 quoque
518 1156 633 1203 uacuus
650 1138 728 1203 lusis
745 1138 917 1202 uisceribus
933 1138 1114 1219 exspirsuit.
1140 1139 1277 1219 demens,

144 1244 199 1323 qui
223 1246 368 1325 paternae
391 1242 567 1308 diuinitatis
590 1243 669 1317 iuro,
694 1242 809 1307 nullius
832 1244 970 1325 exemplo
993 1241 1211 1307 similitudinis
1226 1259 1275 1305 co·

144 1348 315 1427 aequanda,
342 1347 467 1410 cedimis
489 1346 617 1428 putauit
638 1345 789 1429 gradibus
819 1348 994 1428 conparari!
1028 1349 1108 1411 inter
1136 1344 1276 1410 homines

106 1467 279 1529 senemque
303 1446 420 1512 carnali
443 1445 512 1530 lege
535 1449 695 1510 nascentes
718 1446 803 1509 lilius
827 1448 927 1511 minor
943 1450 990 1509 est
1007 1452 1104 1527 patre.
1128 1444 1274 1527 quoniam

144 1554 235 1633 peter
258 1552 323 1634 ipse
347 1549 400 1633 qui
423 1549 525 1613 lilium
548 1568 630 1613 nuno
654 1549 807 1631 praecedit
830 1549 922 1631 poulo
944 1552 1016 1613 oute
1040 1549 1124 1613 lilius
1149 1548 1219 1621 luit,
1243 1549 1275 1612 ol·

144 1656 198 1736 qui
234 1655 318 1718 filius
348 1673 414 1718 esse
444 1672 527 1719 nuno
556 1655 707 1727 cernitur,
745 1673 816 1718 eum
846 1659 968 1737 putrem
999 1654 1066 1717 lieri
1096 1672 1185 1735 posse
1213 1672 1272 1717 non

144 1758 278 1821 habetur
294 1757 488 1837 ambiguum.
513 1757 559 1822 sio
574 1776 628 1839 per
644 1776 769 1821 ornnem
786 1762 933 1840 nepotum
950 1758 1060 1822 seriem
1077 1775 1158 1823 noun
1173 1758 1273 1838 proles

143 1860 281 1924 excurrit
304 1862 336 1923 et
357 1878 486 1925 auorum
508 1863 594 1924 ataui
617 1862 702 1925 senio
725 1865 930 1925 numerantur
952 1861 1081 1941 ingenti.
1111 1860 1273 1935 Dominus,

106 1989 133 2027 1⁵
142 1970 261 2038 autem,
292 1964 345 2046 qni
376 1966 524 2045 uerbum,
564 1964 676 2046 uirtus,
714 1962 864 2045 sapientis
905 1967 937 2025 et
973 1965 1075 2027 totum
1112 1980 1275 2026 commune

142 2067 248 2132 Patris
271 2072 318 2131 est
341 2065 492 2149 Christus,
527 2066 564 2131 de
587 2068 707 2132 lumine
730 2068 836 2131 lumen
859 2067 1009 2145 exortum,
1039 2069 1076 2132 de
1099 2066 1164 2130 solo
1186 2064 1273 2129 solus

143 2171 193 2233 est
215 2174 316 2243 nutus,
340 2170 394 2253 qui
418 2189 474 2235 neo
496 2172 589 2236 Putre
614 2172 717 2236 minor
739 2171 770 2235 in
794 2171 908 2253 aliquo,
933 2189 989 2234 nec
1005 2175 1052 2234 est
1068 2189 1128 2251 quo
1144 2174 1271 2245 crescet,

141 2273 234 2338 rebus
263 2275 418 2340 uniuersis
447 2274 609 2357 excelsior,
647 2276 761 2359 quippe
789 2274 843 2357 qui
872 2275 1013 2357 genitus,
1052 2293 1111 2337 non
1141 2274 1272 2339 oreatus.

143 2394 258 2440 nomen
280 2377 376 2441 habet
397 2397 453 2461 pro
482 2379 666 2443 summitate
688 2379 956 2460 Principium:
985 2380 1030 2442 ita
1057 2378 1140 2441 enim
1162 2393 1271 2441 secuu-

106 2502 133 2540 ιο
144 2479 220 2543 dum
237 2480 408 2545 Iohannem
423 2482 547 2547 ludaeis
568 2482 796 2563 requirentibus
819 2500 885 2545 sese
900 2481 979 2546 dixit
994 2499 1058 2546 osse
1074 2480 1272 2562 principium.

145 2583 220 2662 quid
245 2586 292 2647 est
314 2602 386 2666 ergo
408 2585 597 2666 principium
620 2584 679 2648 nisi
702 2603 851 2649 cacumen
874 2586 1039 2665 excelsum,
1070 2600 1165 2664 supro
1192 2584 1272 2664 quod

643 2842 707 2906 post
733 2838 833 2907 triplici
859 2841 980 2907 speciem
1002 2843 1020 2892 7
1045 2839 1097 2892 litt.
1120 2840 1153 2892 in
1175 2838 1209 2890 H

140 2940 244 3007 triplici
262 2942 405 2993 maiestate
422 2958 440 2995 v
525 2942 542 2994 2
559 2956 623 2994 uero
639 2941 705 2994 tides
723 2941 805 2995 RHo
891 2944 961 2996 3nn
981 2956 1067 2996 sumo
1084 2957 1120 2996 sn
1138 2953 1272 2995 snnxxxxo

140 3026 182 3091 R,
214 3042 264 3079 ont.
289 3026 323 3079 H
325 3042 340 3079 o
441 3028 583 3081 deortui·
606 3026 686 3080 colles
704 3026 736 3080 H
837 3044 948 3095 regnum
968 3028 995 3081 P
1096 3028 1272 3079 executus?

140 3148 279 3201 tenebrose
302 3147 330 3201 P
353 3149 399 3213 (ef.
417 3163 442 3201 c.
460 3150 541 3214 302),
576 3112 712 3201 lametula}
735 3145 902 3201 tenebrosam
925 3148 1008 3231 (nium
1027 3162 1045 3199 a
1066 3163 1101 3200 m.
1119 3148 1150 3211 2)
1174 3145 1214 3209 R,
1249 3152 1272 3201 t.

139 3270 161 3307 s.
180 3256 222 3303 est
240 3250 405 3303 tenebrosam
423 3250 457 3302 11
552 3250 569 3301 6
588 3250 714 3303 &sinonis
731 3249 760 3305 R
857 3250 873 3301 ‘l
892 3224 957 3318 quid
974 3260 1028 3318 (oqx
1046 3266 1065 3304 o
1081 3265 1116 3303 m.
1128 3251 1159 3317 2)
1177 3250 1205 3303 P

139 3336 317 3407 quenquendu
343 3335 371 3389 P
505 3338 522 3389 9
548 3341 695 3405 oouporou·
723 3338 751 3404 (”
772 3353 790 3387 α
812 3352 846 3389 m.
865 3338 895 3401 2)
922 3336 967 3399 H,
1012 3336 1161 3404 eomputnri
1188 3351 1205 3389 o

140 3442 174 3495 10
191 3412 325 3523 nascentis
343 3439 383 3506 R,
418 3438 553 3493 noscentis
572 3438 606 3492 H
700 3439 730 3492 11
751 3425 827 3523 putre
843 3439 900 3507 ipse
918 3438 946 3492 P
1038 3441 1085 3507 qni
1103 3458 1154 3495 orn.
1172 3439 1207 3494 H

139 3544 174 3596 12
191 3543 264 3596 lilius
282 3530 309 3597 e}
328 3543 362 3597 Η
461 3546 538 3611 putre
555 3542 612 3596 fieri
633 3555 706 3610 poss-
725 3541 759 3595 H
853 3543 946 3610 etqui
964 3542 1037 3596 lilius
1055 3558 1112 3596 esse
1128 3560 1200 3598 nuuc
1217 3559 1272 3598 cer-

137 3631 222 3696 nitur,
247 3632 381 3697 compotes
402 3628 457 3685 Col.
480 3628 568 3691 Gall„
602 3631 631 3681 et
653 3628 700 3696 qui
723 3626 797 3682 filius
814 3632 864 3692 est,
882 3644 953 3683 nunc
972 3629 1097 3695 cernitur,
1116 3645 1176 3683 oum
1195 3634 1272 3699 poter

136 3752 204 3805 Par.
224 3752 307 3805 Areo.
401 3749 434 3803 13
452 3748 533 3817 prolis
550 3746 580 3802 P
669 3747 704 3801 14
721 3713 813 3831 aptoni
832 3749 856 3815 (t
873 3750 980 3811 am.2)
998 3746 1034 3811 P,
1065 3750 1154 3802 ottoni
1171 3749 1206 3804 H

136 3855 372 3908 seniuurnerantur
394 3852 440 3911 H,
475 3850 543 3905 serie
565 3853 740 3904 numerantur
762 3852 832 3904 coni.
853 3853 936 3905 Areo.
1041 3852 1150 3920 ingente
1171 3854 1205 3907 Η

137 3940 171 3993 15
189 3938 290 4009 sutem]
310 3954 361 3993 om.
380 3938 434 3991 He
528 3938 576 4005 qni
594 3936 705 3990 uerbum
722 3937 838 3991 iterasti
855 3937 883 3991 P
988 3938 1019 3991 16
1037 3937 1152 3991 lumento!
1171 3938 1205 3993 H

138 4024 170 4077 li
189 4024 256 4077 alico
275 4022 376 4091 (aliquo
388 4037 459 4075 corr.
471 4023 501 4085 2)
520 4022 554 4076 H
641 4020 675 4074 20
692 4019 838 4076 Iohannem
850 4026 877 4090 (o
888 4023 922 4075 in
934 4032 1001 4087 rus.)
1014 4021 1047 4075 H
1132 4022 1222 4092 Iudeis
1234 4024 1272 4087 R,

134 4143 229 4199 lunen
256 4141 317 4196 nu
417 4142 515 4196 ‹ririsse
541 4142 575 4205 r,
611 4108 818 4226 <irretitum
831 4144 907 4209 mc)
926 4142 962 4207 rr,
991 4140 1061 4195 orne
1078 4158 1134 4197 esse
1151 4144 1203 4198 xrs

135 4248 169 4301 ‘21
189 4247 236 4315 qui
255 4250 296 4297 est
313 4246 341 4299 P
442 4260 469 4313 q.
486 4261 509 4299 e.
528 4246 688 4314 principium
706 4249 781 4299 esto

188 4348 222 4404 x.
1135 4353 1167 4405 re
