2774 4830
546 321 694 389 Remigii
718 322 896 390 expositio.
1222 327 1282 393 337

156 520 274 591 propter
296 522 441 576 aeternam
458 518 673 577 retributionem
690 517 817 591 ponitur,
833 518 902 589 quia
917 517 993 576 sicut
1006 536 1110 577 corona
1125 535 1181 578 uon
1196 520 1284 579 habet

155 620 270 679 initium
304 638 395 694 neque
424 620 519 697 finem,
550 621 591 678 ita
620 621 692 680 illud
721 620 877 693 praemium
906 621 988 678 initio
1019 624 1047 679 et
1074 622 1130 679 iius
1164 622 1293 684 carebit:

1292 748 1312 777 ι.
1327 740 1365 779 ser

155 724 360 796 Nusquam,
384 724 414 781 in
436 725 514 782 nullo
537 724 610 795 loeo,
634 740 753 796 usquam
775 725 934 783 econtrario
958 724 987 781 in
1003 724 1099 797 aliquo
1115 726 1185 797 loco,
1208 726 1283 785 sicut

156 842 304 898 nunquam
327 826 359 883 in
376 826 456 885 nullo
472 830 609 900 tempore,
628 844 751 900 unquam
773 826 803 883 iu
819 828 925 898 aliquo.
960 827 1079 900 thue
1094 829 1187 901 polo.
1228 829 1284 888 Per

132 928 254 1002 epulum
277 929 401 989 animam
424 929 570 1003 intellege,
595 948 646 1003 per
668 930 784 988 humum
808 946 910 1003 corpus
936 930 1099 989 humanum.
1144 930 1282 1001 YtiruS,

155 1032 246 1107 ydrus
273 1038 318 1091 est
344 1050 463 1106 serpeus
492 1033 652 1106 aquaticus.
696 1031 875 1090 Voudioet
903 1034 930 1091 ·i·
959 1038 1078 1106 usurpet
1100 1037 1130 1092 et
1155 1035 1283 1107 proprie-

156 1135 254 1194 faciat
298 1138 415 1195 Attus
438 1136 465 1193 ·i·
488 1136 623 1208 mambra,
647 1139 727 1194 artus
747 1136 853 1193 dicitur
868 1136 905 1194 ab
921 1138 1045 1195 artando
1061 1136 1087 1194 ·i·
1103 1137 1282 1211 stringendo,

155 1241 287 1312 eoquod
311 1239 566 1314 stringitcorpus.
611 1240 741 1298 Panem
764 1243 936 1299 nostrum.
974 1239 1110 1299 Nouiste
1126 1241 1300 1327 panis‚se‹i¹

155 1343 302 1416 spiritalis
326 1343 515 1415 intellegitur,
541 1343 591 1416 qui
613 1348 658 1401 est
676 1342 767 1400 Filius
791 1342 846 1415 dei,
870 1344 919 1415 qui
941 1342 1144 1403 substantialis
1168 1344 1282 1415 dicitur,

114 1447 226 1520 roquia
259 1463 368 1505 omnem
403 1449 595 1507 substantiam
629 1447 675 1506 uel
710 1448 864 1507 essentiam
899 1447 1126 1521 supergraditur,
1155 1449 1185 1506 et
1215 1447 1284 1506 licet

154 1549 300 1609 dialectici
336 1552 363 1608 iu
398 1551 481 1609 deum
505 1549 680 1623 categoriam
703 1567 775 1622 quae
798 1554 844 1608 est
866 1551 931 1611 usia
953 1551 1056 1609 cadero
1078 1549 1186 1621 dicant,
1213 1550 1283 1609 dous

153 1656 251 1711 nmen
273 1652 352 1710 ultra
374 1654 464 1712 usiam
487 1658 542 1723 est,
566 1658 595 1711 et
618 1654 680 1711 ideo
704 1656 859 1714 secuudum
881 1656 1033 1713 humanam
1056 1653 1284 1726 intellegentium

152 1756 230 1813 nihil
254 1759 309 1833 est,
333 1757 400 1828 quia
422 1774 532 1817 omnem
555 1762 692 1831 exuperat
714 1757 901 1828 intellectum,
931 1763 963 1814 ut
984 1758 1025 1814 ait
1048 1756 1195 1829 apostolus
1220 1752 1283 1829 ‘pax

152 1859 212 1927 dei,
236 1876 308 1932 quae
330 1865 465 1931 exuperat
488 1877 598 1918 omnem
622 1855 757 1919 sensum'.
792 1864 977 1918 Annonam
996 1860 1022 1916 ·i=
1038 1859 1183 1932 salarium,
1207 1859 1283 1917 idem

111 1983 144 2023 1⁵
153 1968 201 2021 cst
230 1966 259 2020 et
292 1962 464 2035 praebenda.
509 1966 634 2020 Annona
655 1963 762 2020 dicitur
784 1979 817 2020 eo
851 1964 925 2034 quau
961 1960 1086 2035 singulis
1119 1970 1282 2021 renouetur.

152 2065 310 2136 Diurno,
340 2082 357 2122 a
385 2066 431 2124 die
453 2065 572 2123 diurnus
602 2066 628 2122 ·i·
652 2066 738 2123 unius
767 2065 833 2137 dici,
856 2083 874 2123 a
896 2065 944 2124 diu
968 2065 1120 2124 diuturnus
1143 2066 1170 2122 ·i·
1201 2064 1282 2138 longi

152 2170 301 2243 temporis.
354 2168 514 2241 Corpora
549 2168 574 2224 ·i-
609 2168 659 2226 illo
693 2167 819 2242 spiritaii
852 2169 998 2241 mysterio.
1050 2167 1282 2241 verbumque

153 2275 351 2345 cibusque:
375 2272 505 2345 uerbum,
522 2272 590 2344 quia
613 2272 682 2329 deus
704 2275 749 2330 est
768 2282 835 2330 anto
852 2271 978 2339 saecula.
995 2272 1080 2332 adeo
1096 2275 1179 2345 patre
1195 2272 1281 2345 geni·

152 2383 226 2447 tum,
252 2378 341 2443 cibus,
365 2378 519 2450 quiscum
542 2380 621 2434 esset
650 2377 720 2435 deus
744 2376 825 2435 homo
848 2376 943 2435 iactus
966 2379 1022 2447 est,
1054 2380 1086 2435 ut
1109 2378 1187 2436 osset
1201 2374 1282 2433 cibus

110 2480 312 2549 sohominum,
347 2480 395 2553 qui
428 2482 491 2538 erut
524 2479 604 2537 cibus
638 2478 815 2551 augelorum.
860 2478 990 2537 Cautio
1024 2480 1050 2538 ·i·
1085 2476 1282 2547 confir-mutim

152 2600 236 2655 cauo,
272 2582 351 2640 cauis
383 2583 408 2640 -i·
438 2581 528 2653 firmo,
552 2580 625 2640 facit
652 2581 839 2654 praeteritum
868 2582 941 2651 caui,
965 2580 1033 2639 inde
1061 2583 1155 2639 cautio
1179 2580 1284 2639 dicitur

151 2688 290 2757 firmatio,
318 2687 392 2744 undo
416 2685 445 2743 in
470 2686 621 2758 euangelio
647 2682 750 2759 ‘accipe
774 2682 945 2745 cautionem'
971 2688 997 2745 ·i·
1020 2686 1211 2745 firmationem
1236 2684 1281 2743 uel

152 2790 336 2863 scripturam.
393 2787 619 2846 Tortoribus
656 2788 683 2844 ·i·
717 2787 894 2846 demonibus.
940 2787 997 2845 Por
1034 2786 1128 2846 decies
1164 2788 1283 2845 millena

151 2895 268 2953 talenta
290 2893 497 2965 intelleguntur
512 2891 620 2949 maiora
636 2894 754 2963 paccata
766 2891 842 2949 sicut
857 2894 902 2948 est
916 2889 1080 2959 fornicatio,
1096 2887 1280 2963 adulterium,

107 2996 349 3067 sehomicidium,
376 3014 429 3070 por
453 2995 490 3053 ,ὓ
516 2996 646 3055 denarios
669 2996 783 3054 minora
813 2995 895 3054 uelut
922 2994 975 3066 ira,
1004 2994 1101 3052 odium
1122 2997 1152 3052 et
1174 3004 1280 3054 cetera

151 3101 184 3159 Si
208 3118 352 3173 argones
375 3100 567 3158 dimiserimus
597 3099 736 3158 fratribus
765 3099 873 3157 uostris
902 3098 1023 3170 minora,
1047 3096 1175 3156 dimittet
1196 3096 1280 3155 uobis

150 3205 225 3262 deus
259 3204 375 3273 maiora,
409 3203 434 3261 si
468 3220 533 3275 uon,
557 3206 704 3261 nectamur
737 3203 857 3274 grauius
891 3202 948 3259 iam
979 3200 1067 3259 soluti
1097 3220 1114 3257 a
1145 3201 1279 3273 peccatis.

149 3306 211 3365 Hic
233 3306 329 3379 tangit
352 3305 544 3379 euangelium,
568 3305 616 3364 ubi
640 3304 747 3377 iegitur
772 3300 862 3362 ‘horuo
880 3302 996 3376 quidam
1018 3305 1117 3377 posuit
1141 3303 1280 3363 rationem

149 3428 217 3470 cum
240 3410 332 3468 seruis
355 3404 436 3468 suis'.
472 3408 591 3467 Donec
613 3408 724 3467 finitum
748 3424 799 3480 pro
822 3406 936 3467 infinito
958 3406 1066 3480 posuit,
1090 3408 1158 3479 quia
1175 3406 1278 3479 iliiqui

106 3516 186 3577 scin
208 3512 319 3573 inferno
341 3513 498 3572 damnandi
525 3516 603 3583 sunt,
625 3527 769 3583 uunquam
794 3511 905 3569 ueniam
923 3510 1116 3581 merebuntur,
1132 3525 1186 3567 non
1204 3508 1281 3565 sicut

150 3617 294 3689 Origenes
317 3615 396 3689 dicit,
431 3618 497 3690 post
526 3614 605 3673 millo
635 3631 726 3673 auuos
753 3612 882 3673 soluetur
904 3616 1022 3671 satanas
1046 3629 1108 3669 cum
1132 3611 1204 3681 suis,
1229 3610 1279 3669 sed

147 3719 248 3793 magis
271 3719 416 3779 sententia
438 3718 544 3778 domini
565 3720 651 3777 cauta
665 3718 732 3793 erit,
754 3734 812 3790 qua
828 3716 899 3775 dicit
920 3712 1010 3774 ‘ibunt
1025 3714 1106 3789 impii
1120 3713 1150 3772 iu
1168 3714 1279 3786 suppli-

148 3826 229 3884 cium
254 3818 422 3883 aetemum'.
459 3822 537 3897 Ergo
560 3823 651 3881 donoc
673 3838 724 3895 pro
747 3838 860 3895 semper
886 3821 994 3895 posuit,
1017 3818 1094 3877 sicut
1116 3819 1144 3876 in
1167 3814 1280 3891 psalmo

256 4006 289 4059 13
315 4003 390 4058 Paul.
418 4003 452 4057 ad
480 4002 549 4057 Phil.
577 4004 602 4063 4,
626 4002 641 4054 7
744 4002 779 4055 22
805 4001 870 4055 Luc.
890 4002 966 4064 16,6
1068 4002 1103 4053 28
1128 3998 1162 4055 ei.
1179 3997 1283 4051 Mattio.

145 4095 195 4159 25,
216 4092 247 4147 19
350 4092 385 4145 32
401 4092 434 4143 ei.
453 4090 552 4143 March.
570 4090 613 4153 25,
631 4090 666 4141 46
769 4088 892 4141 33Pn1.
912 4087 1005 4151 1222

203 4262 279 4316 2ut·
294 4264 454 4327 (acroam
541 4260 781 4328 uatus-corpus
793 4258 909 4313 udos?
997 4257 1028 4309 15
1042 4254 1212 4309 brobeudeA

202 4366 237 4421 X.
1141 4359 1177 4413 22
