2774 4830
432 322 583 379 Paschal
601 320 720 393 Operis
744 322 816 378 Lib.
833 322 872 379 11.
1152 326 1217 393 209

87 514 127 580 de
164 531 198 579 se
230 514 297 596 ipso
329 534 390 580 nou
422 516 500 581 dirit
533 532 602 599 ego
637 513 713 591 lui,
746 516 801 581 sed
836 533 905 599 ego
940 534 1037 596 sum,
1069 516 1218 600 quoniam

88 620 268 687 diuinitatis
297 637 363 685 esse
392 620 443 684 est
471 635 534 683 non
559 617 665 697 luisse,
688 636 767 701 quae
789 620 864 685 uiua
886 638 1009 703 semper
1029 620 1220 685 aeternitate

70 722 265 789 ,consistens
294 741 351 789 nec
379 720 479 789 initiis
510 720 610 787 oritur
630 738 687 787 neo
709 720 853 788 terminis
876 722 1058 807 explicatur.
1095 726 1219 805 tempus

88 825 176 891 enim
198 846 218 891 a
239 828 307 891 Deo
330 826 386 903 est,
411 843 473 891 non
495 826 580 892 Dens
602 842 622 890 a
642 824 792 908 tompore.

61 967 79 1008 s
132 946 293 1012 Lectionis
309 948 414 1029 itaque
429 963 531 1011 sermo
545 944 758 1028 prosequitur:
781 950 819 1011 et
841 964 1026 1031 responso
1049 950 1218 1029 accepto
1249 954 1271 1015 9

89 1051 127 1116 in
151 1049 310 1125 somnis,
333 1068 378 1115 ne
400 1049 577 1115 redirent
597 1050 643 1114 ad
659 1048 866 1129 Herodem,
887 1067 954 1133 per
975 1048 1094 1116 aliam
1116 1048 1218 1115 uiam

89 1153 263 1237 regressi
286 1158 378 1218 sunt
400 1153 439 1217 in
461 1154 663 1236 regionem
685 1171 802 1219 snam.
826 1154 973 1219 debemus
987 1153 1088 1237 igitur
1102 1152 1220 1218 imitari

90 1275 146 1322 nos
168 1256 265 1322 etiam
287 1275 451 1339 magorum
473 1257 556 1323 lacta
577 1257 693 1336 fidelia,
716 1259 750 1322 et
772 1260 853 1323 sicut
875 1256 925 1321 illi
946 1257 1066 1323 somnio
1080 1256 1220 1323 credide·

90 1360 176 1438 runt,
201 1379 256 1425 nos
272 1360 518 1427 euidentissimis
534 1360 711 1443 aspectibus
725 1361 790 1426 iam
804 1362 976 1437 credamus,
999 1362 1152 1444 qnatenus
1166 1360 1220 1441 qni

52 1486 79 1525 ro
91 1463 251 1529 Christum
276 1466 365 1549 signo
380 1464 482 1529 crucis
497 1464 695 1546 praelucente
716 1460 876 1547 repertum
897 1466 1069 1529 meruimus
1091 1464 1221 1529 adorare

89 1566 254 1651 eidemque
290 1568 328 1633 de
364 1566 517 1634 thesauris
552 1567 651 1634 nostri
685 1568 784 1633 cordis
818 1586 950 1632 munera
985 1564 1086 1632 trinae
1118 1566 1220 1631 landis

88 1669 199 1735 oisemo
232 1669 297 1736 iam
327 1670 456 1736 minime
484 1674 679 1737 reuertamur
709 1671 749 1736 ad
780 1670 872 1737 huius
899 1670 1009 1737 mundi
1031 1670 1219 1754 principem,

88 1773 144 1856 qui
176 1792 232 1839 nos
264 1776 339 1840 ante
372 1775 545 1853 seduxerat,
580 1776 786 1858 deceptorem,
820 1775 875 1841 sed
907 1776 1043 1859 priorem
1072 1775 1219 1841 semitam

89 1876 303 1960 relinquentes
325 1898 381 1963 per
393 1878 481 1945 illius
497 1878 588 1945 callis
603 1880 723 1945 secreta
735 1897 912 1965 pergamus,
928 1878 983 1962 qui
997 1880 1036 1945 ad
1052 1879 1218 1945 caelestem

53 1980 227 2065 rspatriam
248 2000 374 2067 gressus
396 1983 507 2068 dirigit
535 1983 756 2049 confidentum.

133 2102 254 2168 Dehinc
275 2102 358 2168 talia
378 2122 434 2186 per
455 2103 595 2169 ordinem
616 2104 707 2186 gesta
724 2104 905 2170 narrantur:
928 2104 1021 2168 tunc
1042 2099 1219 2167 Herodes
1233 2106 1273 2169 le

88 2207 244 2289 uidens,
273 2209 460 2289 quoniam
491 2207 649 2273 inlusus
672 2209 777 2273 esset
799 2224 818 2272 a
839 2208 981 2291 magis,
1009 2206 1136 2271 iratus
1158 2208 1220 2271 est

88 2309 208 2375 ualde
235 2312 274 2375 et
301 2310 468 2376 mittens
497 2310 651 2375 occidit
679 2328 813 2375 omnes
841 2328 980 2393 pueros
1008 2310 1075 2392 qui
1103 2312 1218 2375 erant

87 2413 131 2477 in
158 2412 364 2478 Bethleem
396 2416 435 2479 et
462 2416 500 2479 in
532 2415 713 2480 omnibus
742 2414 895 2479 finibus
918 2414 1003 2480 eius
1025 2431 1045 2477 a
1066 2413 1220 2478 bimatu

50 2518 128 2579 root
172 2515 279 2581 inira
314 2516 528 2583 secundum
572 2522 728 2599 tempus
772 2517 872 2601 qnod
914 2516 1164 2600 exquisierat
1201 2531 1221 2578 a

88 2619 225 2702 magis.
264 2618 363 2703 igitur
384 2638 404 2685 a
426 2622 537 2703 magis,
566 2639 641 2704 quos
664 2620 839 2688 crediderat
866 2620 1063 2698 inludendos,
1095 2619 1217 2685 inlusus

84 2722 301 2789 dissimulatos
334 2725 437 2789 motus
470 2725 517 2789 ira
550 2724 717 2806 praecipiti
749 2744 804 2789 rer
834 2724 950 2807 impius
980 2721 1166 2808 publicauit,
1190 2719 1218 2785 si

191 2930 208 2981 5
227 2927 324 2982 March.
343 2930 369 2994 2,
390 2929 421 2982 12
527 2930 560 2983 16
576 2928 675 2983 March.
694 2930 719 2995 2,
739 2930 772 2983 16

141 3116 203 3168 lse
221 3132 272 3170 om.
290 3116 325 3170 H
423 3116 498 3171 ieet
516 3133 567 3171 om.
586 3118 614 3172 P
714 3118 795 3171 uiao
897 3117 1099 3173 3conssistons
1121 3118 1157 3172 H

83 3202 727 3295 5ormsreircarranen1nsrnanrrsvrrrr
746 3240 774 3295 R
865 3255 1001 3309 ressponeo
1019 3239 1047 3293 P
1130 3254 1221 3294 somno

87 3342 124 3395 H
201 3342 289 3429 deum
304 3340 384 3395 adH
458 3342 560 3397 hallam
575 3342 609 3397 Η
685 3344 702 3397 l
714 3342 813 3398 reuersi
827 3343 906 3399 PHo
983 3342 1157 3397 daetiamli

86 3451 224 3549 magorcm
253 3480 288 3535 H
310 3496 381 3537 corr.
406 3483 480 3536 Μ
591 3484 698 3537 omnino
726 3483 770 3547 H,
805 3497 940 3536 somnos
1051 3481 1223 3550 9quatinus

87 3564 117 3618 P
217 3566 251 3620 10
274 3566 510 3635 praelucentemo
610 3568 734 3623 adserere
757 3568 792 3622 ΙΙ
811 3568 840 3635 (h
862 3574 943 3633 crae.)
1049 3567 1080 3621 11
1105 3566 1221 3620 umoris

85 3684 117 3739 Ρ
218 3686 251 3741 14
267 3659 395 3772 pg}m.us
413 3690 448 3742 rr
540 3690 605 3759 quil
622 3689 638 3743 e
657 3691 685 3744 P
786 3690 819 3743 15
836 3688 932 3758 diligit
949 3688 981 3753 n,
1011 3686 1110 3756 dirigit
1128 3686 1163 3739 rr
1176 3686 1221 3756 git

84 3804 105 3841 a
124 3791 191 3841 m.2
276 3790 424 3846 confitendo
437 3792 664 3861 Holconddcndo
677 3793 754 3859 Par.)
843 3793 874 3845 16
886 3792 948 3845 dein
961 3792 994 3845 Η
1079 3806 1104 3858 p.
1118 3788 1222 3843 utalia

85 3876 169 3943 gesta
193 3892 210 3929 e·
313 3878 346 3931 19
369 3878 403 3931 ab
422 3880 509 3933 imatn
532 3878 561 3933 R
661 3878 696 3933 20
713 3878 879 3947 exqucslerat
897 3877 932 3938 P,
963 3876 1087 3930 andierat
1105 3877 1138 3929 H
1158 3874 1222 3929 audi

83 3958 148 4025 sere
165 3976 234 4016 crue.
338 3964 369 4017 21
395 3964 492 4035 magis]
518 3981 553 4019 prr
571 3980 644 4019 rnen
663 3980 814 4019 rrrarrrrrr
832 3964 873 4029 R,
908 3964 948 4017 De
970 3962 1084 4017 saeuitia
1106 3960 1223 4015 Herodis

83 4052 116 4099 et
139 4061 201 4101 nece
224 4050 399 4117 paruulorum
422 4068 452 4117 n,
479 4068 550 4121 quoe
574 4068 593 4103 a
615 4051 705 4105 uerbis
728 4050 802 4105 Tunc
827 4050 943 4105 Herodes
961 4054 1012 4103 etc.
1036 4064 1096 4117 cop.
1121 4048 1222 4117 torcipit

81 4166 136 4235 ies·
154 4184 177 4222 ⁶·
194 4174 223 4235 6)
325 4147 394 4259 quod
412 4176 440 4230 R
538 4176 657 4243 arnsgis
676 4172 832 4229 inludendos
852 4174 883 4227 11
984 4172 1018 4225 22
1035 4172 1224 4226 dissimulatus

85 4274 123 4329 11
224 4277 372 4345 puplicauit
392 4278 425 4333 H

140 4380 174 4437 Χ.
1086 4384 1119 4439 14
