2774 4830
176 303 243 370 260
680 300 813 358 Sedulii

177 510 305 559 menum
327 490 401 561 dure
423 510 485 559 non
508 492 655 576 peenitet
678 492 707 559 si
729 510 783 559 nos
804 493 951 578 entiquee
973 494 1129 562 lubricum
1152 496 1319 581 poeniteet

177 594 374 674 lentulum,
392 595 495 662 uerbis
510 596 741 680 indulgentiam
755 596 874 663 telibus
889 596 1044 665 retexeret
1057 600 1178 667 dicens:
1203 600 1264 668 fid
1275 619 1316 668 00

177 698 244 765 tue
265 698 303 764 te
325 701 477 767 seluem
504 698 621 766 iecit:
650 698 748 765 uede
770 699 810 765 in
831 719 934 783 pece.
972 719 990 768 c
1013 706 1166 784 queutnm
1188 704 1316 770 miseris

178 802 353 886 opitulatur
367 803 500 869 infirmis
515 802 595 869 illud
613 802 804 870 confessione
820 805 977 890 detegere,
995 806 1077 887 qued
1092 806 1315 873 ebsconditum

177 906 215 973 fit
243 907 353 974 letele!
383 906 486 973 nutrit
514 924 571 972 sue
599 924 735 990 nemque
763 908 893 973 uulnere
922 907 977 991 qui
995 907 1106 973 celerit
1127 911 1159 974 et
1180 911 1347 977 stimulus

177 1009 293 1078 doloris
315 1009 469 1076 insertum
497 1011 620 1076 medico
650 1011 769 1076 undere
798 1011 939 1095 neglegit
960 1011 1098 1097 plegem.
1135 1031 1207 1079 ecce
1227 1032 1314 1081 nuuc

178 1113 297 1181 lemine
317 1112 459 1181 diuturni
482 1115 625 1198 contegis
647 1112 750 1180 morbi
770 1113 892 1198 pollute
914 1117 1003 1197 perui
1029 1117 1164 1200 gemitus
1183 1116 1314 1183 efflicti-

178 1236 237 1284 une
251 1221 404 1303 purgetur
419 1216 529 1301 suique
551 1217 678 1301 gurgite
692 1217 785 1284 lletus
800 1217 942 1284 abluitur
963 1219 995 1283 et
1015 1219 1152 1285 lacrimis
1173 1219 1313 1304 perfuse,

179 1320 302 1406 cupillis
324 1323 447 1387 extersa
467 1321 604 1388 discedit
625 1324 742 1388 munde
763 1339 844 1403 quee
866 1326 995 1387 ueneret
1017 1324 1186 1389 sordidete

150 1442 170 1505 8
221 1440 273 1507 Ad
294 1442 403 1508 urbem
426 1458 546 1524 quoque
569 1440 786 1525 Gephemeum
808 1443 931 1507 nomine
946 1443 1097 1509 Dominus
1112 1462 1187 1510 cum
1205 1442 1347 1508 uenis-10

179 1546 229 1610 set
249 1546 343 1629 inque
365 1546 502 1630 plurimo
517 1563 695 1630 eymgcgee
711 1546 842 1612 concilio
858 1546 1001 1612 ceelestis
1016 1547 1144 1632 pupulos
1159 1550 1313 1627 edoceret,

179 1649 283 1715 subite
313 1669 369 1733 per
396 1649 549 1715 humenee
571 1650 658 1715 uocis
681 1649 894 1715 ministerium
916 1650 1073 1735 eorpcrele
1100 1650 1315 1734 nequissimus

180 1752 235 1819 ille
257 1752 401 1819 diubolus
430 1753 527 1819 telem
557 1753 685 1819 fremuit
715 1753 748 1819 in
778 1754 963 1819 clemonem:
999 1754 1092 1837 quid
1127 1751 1245 1820 nobis
1274 1756 1315 1819 et

181 1855 262 1921 tibi
291 1856 382 1922 lesu
410 1854 635 1924 Nenenene?
660 1856 814 1924 uenisti
836 1858 1001 1940 perdere
1022 1857 1112 1923 nes?
1142 1857 1225 1923 scie
1247 1855 1315 1941 qui

179 1958 254 2045 sie,
281 1960 447 2027 senetur
470 1961 550 2027 Dei.
587 1977 719 2044 moxque
741 1959 875 2027 Domine
896 1960 1063 2028 minaciter
1090 1960 1215 2026 dicente
1245 1978 1350 2043 per-u

179 2062 310 2131 territus
342 2063 437 2147 etque
465 2062 619 2129 deiectus:
654 2061 883 2129 obmutesce
911 2068 948 2129 et
976 2066 1035 2130 exi
1064 2063 1109 2128 de
1137 2062 1315 2143 nomine.

179 2165 355 2249 spiritus
376 2166 592 2248 immunde,
612 2183 727 2251 megnu
743 2168 873 2233 rebeuns
889 2184 961 2231 cum
975 2165 1110 2251 mugitu,
1126 2183 1187 2249 quo
1203 2166 1314 2232 diuino

179 2288 214 2335 se
232 2271 383 2337 uteretur
411 2269 542 2353 imperio
574 2271 784 2353 uerberatum,
814 2269 942 2353 reliquit
965 2270 1101 2336 humene
1122 2269 1316 2354 preecurdie,

180 2372 303 2457 fugiens
325 2374 358 2439 in
381 2391 473 2441 eures
495 2391 557 2440 non
579 2372 731 2440 uidendus
754 2372 910 2440 obscures.

282 2573 480 2641 elucuuo
584 2574 812 2642 l3Merel,24
916 2576 1099 2643 minuet

232 2766 246 2819 1
273 2764 381 2835 penitus
407 2764 436 2820 et
460 2762 487 2818 si
508 2774 565 2820 non
591 2764 619 2819 P
725 2767 919 2835 peenitsutiem
947 2767 982 2821 H
1089 2766 1107 2819 2
1133 2766 1192 2819 mm
1217 2765 1246 2819 P

180 2870 297 2927 retexere
324 2870 352 2926 P
491 2871 509 2926 4
534 2870 658 2926 informis
685 2871 721 2926 H
860 2857 971 2941 detgere
996 2871 1025 2927 P
1169 2870 1188 2924 5
1213 2868 1317 2924 leetele

178 2957 244 3013 libri
346 2972 462 3028 nemque
479 2972 561 3013 suec
663 2958 776 3014 melesii
793 2960 821 3014 P
917 2958 1027 3013 stimulo
1044 2956 1073 3012 Β
1177 2955 1318 3010 tineent}

180 3078 214 3141 P,
245 3077 397 3133 incertuec
492 3044 615 3161 neglegit
633 3082 714 3148 (corr.
731 3096 765 3134 cu
778 3081 810 3145 2)
829 3079 865 3134 H
954 3078 1071 3150 pelmem
1089 3077 1117 3132 P
1218 3074 1319 3130 'ldin-

180 3177 265 3248 turnil
287 3194 339 3234 cm.
364 3178 392 3234 P
494 3180 512 3233 8
535 3180 665 3249 purbetur
688 3180 715 3236 P
818 3180 938 3251 gurgite]
958 3197 973 3235 0
990 3196 1024 3235 ee
1041 3181 1052 3234 i
1069 3179 1097 3236 R
1199 3178 1318 3233 tunun-

180 3281 294 3352 demque
317 3281 352 3336 H
451 3283 560 3340 sordide
582 3300 599 3340 υ
704 3285 737 3339 10
758 3300 810 3343 run
832 3274 982 3341 {cuemund
1005 3297 1138 3340 semum-
1166 3296 1317 3338 unusne

181 3418 219 3458 ru
241 3416 390 3459 unomen
413 3404 453 3471 R,
490 3403 537 3459 ubi
556 3406 691 3475 preciebet
708 3405 851 3478 spiritibus
870 3405 1008 3460 inmundis
1026 3408 1058 3459 ut
1074 3376 1178 3459 teneret
1197 3402 1233 3457 H
1248 3405 1279 3471 (n
1295 3418 1317 3457 α

180 3506 215 3544 cu
233 3492 279 3557 2),
314 3491 346 3545 de
370 3491 498 3545 deemene
520 3492 555 3546 eb
578 3492 696 3547 humeno
719 3508 828 3562 corpore
849 3492 945 3562 lugeto
969 3509 986 3548 c
1089 3498 1121 3544 ed
1143 3505 1165 3545 e.
1183 3490 1201 3545 l.
1222 3505 1259 3543 ne.
1278 3488 1318 3544 ul.

181 3575 209 3629 B
317 3577 350 3630 ll
378 3576 408 3631 in
433 3592 487 3647 qne
511 3593 529 3633 c
631 3578 749 3647 plurimu
775 3578 808 3644 P,
842 3579 974 3648 plurimes
999 3576 1099 3645 H(i)v
1199 3574 1319 3631 coneilio

181 3662 289 3719 ceelssti
317 3662 390 3719 Gau.
511 3667 540 3719 et
565 3664 656 3720 subite
680 3680 727 3735 per
753 3664 871 3719 humene
895 3665 931 3719 H
1054 3664 1086 3718 13
1113 3661 1178 3732 quid
1203 3664 1234 3716 et
1261 3660 1320 3717 tibi

180 3766 225 3832 u,
255 3747 525 3837 qnidlmtini⁸13,
556 3768 623 3838 quid
644 3767 698 3824 unu
720 3772 787 3825 000
897 3768 931 3823 14
951 3751 1106 3852 umente
1128 3769 1208 3861 (eof.
1232 3781 1269 3819 ne
1287 3768 1320 3833 e>

182 3868 217 3924 H
315 3870 729 3939 perdereuuse.l.m.u.B
832 3871 970 3941 quisBu
1072 3866 1251 3941 quissesP

183 3972 216 4026 10
238 3955 366 4057 moxquee
383 3988 453 4029 corr.
471 3990 506 4029 m.
523 3974 544 4029 2
561 3974 596 4028 H
687 3974 832 4029 minucitur
850 3974 878 4029 P
975 3972 1111 4042 illudque
1130 3972 1173 4027 H*
1273 3971 1322 4027 eb-

182 4078 300 4132 mutesee
318 4078 355 4145 (0¹
373 4093 445 4135 eurr.
463 4078 494 4133 e'n
508 4078 518 4130 i
530 4094 565 4133 m.
577 4077 626 4143 cl.)
645 4077 672 4131 B
759 4077 847 4133 excide
866 4076 968 4133 homini
985 4094 1002 4134 c
1020 4080 1136 4147 (except.
1157 4075 1247 4140 dall.)

183 4161 215 4215 ll
242 4177 300 4217 curn
326 4164 356 4220 P
465 4164 569 4234 gemitu
594 4165 623 4220 Β
725 4165 797 4234 quud
823 4165 852 4219 P
962 4164 996 4219 18
1021 4162 1190 4219 uerberatum
1218 4162 1249 4219 B

183 4246 298 4318 reliquid
315 4248 378 4307 PH
480 4250 512 4306 10
530 4250 655 4307 diuideus
672 4250 717 4319 H,
750 4250 898 4307 uidendee
