2774 4830
604 319 788 390 Appendin

104 576 108 583 ,
133 516 299 577 sacerdotes
321 517 510 590 portauerant
531 514 647 574 nonen
674 530 726 589 per
749 530 798 574 ser
825 512 898 587 dies,
926 514 955 573 iu
977 514 1103 587 septima
1125 518 1262 589 oeperunt

11 618 291 681 .rr-rrociuitetem.
335 618 455 677 Archa
483 618 542 676 dei
564 618 591 677 ·i·
613 633 679 677 caro
707 617 816 676 Christi
848 617 896 677 uel
929 616 1059 676 ecclesia
1105 613 1261 677 Vellere

131 740 164 783 οε.
188 724 258 793 eub3
304 720 339 781 de
373 719 488 780 Gedoon
522 721 657 795 loquitur,
691 723 739 794 qui
773 737 837 781 cnm
871 719 957 779 uellet
989 720 1129 794 proeliari
1164 724 1261 781 contre

132 824 319 897 Madianitns,
356 825 441 898 petiit
476 822 600 897 signnm,
638 826 671 883 ut
706 827 783 885 osset
817 840 864 883 roe
901 840 987 897 super
1022 823 1117 883 uellus
1156 823 1260 883 siccata

134 931 212 989 torra
248 930 278 987 et
313 926 371 987 alia
409 930 492 987 nocte
528 930 607 988 esset
642 943 690 986 roe
726 944 814 1003 super
855 929 961 988 terram
998 926 1108 987 siccato
1148 926 1290 987 uellerea

135 1031 264 1092 Vincis
286 1050 318 1091 ·s·
341 1048 357 1091 o
380 1030 490 1106 Iephte.
520 1031 656 1091 Gentes
678 1031 704 1089 .i·
726 1031 916 1103 Madianites3
938 1032 973 1091 de
995 1031 1099 1106 Iephte
1122 1031 1259 1104 loquitur,

135 1136 185 1209 qui
207 1152 270 1193 oum
293 1137 425 1208 pergeret
447 1134 478 1195 in
502 1134 610 1194 bellum
631 1135 765 1208 promisit
787 1136 839 1195 deo
855 1136 923 1196 dare
942 1136 971 1195 in
987 1151 1107 1195 munere
1123 1133 1258 1209 quicquid

136 1238 258 1312 primum
281 1237 450 1299 inuenisset.
487 1237 542 1309 Qui
565 1240 594 1297 et
615 1237 728 1297 inuenit
749 1254 830 1297 suam
852 1237 943 1297 filiam
961 1238 1077 1298 dicens:
1100 1237 1167 1296 Non
1184 1238 1261 1297 olau-

136 1340 202 1400 dam
225 1357 257 1400 os
280 1356 372 1399 meum
393 1356 478 1416 super
500 1344 538 1412 te,
562 1341 614 1401 sed
636 1340 690 1401 deo
713 1341 847 1415 implebo,
870 1342 944 1416 quod
959 1340 1027 1399 diri.
1059 1341 1167 1401 Tamen
1184 1340 1262 1401 dedit

137 1445 164 1505 oi
192 1444 317 1517 epatium
340 1444 417 1505 llll·
439 1447 588 1516 mensium‚
620 1447 653 1505 ut
682 1445 795 1520 lugeret
817 1446 1015 1520 uirginitatem
1037 1462 1132 1504 enam.
1171 1444 1293 1514 Quareu

136 1546 212 1607 hoc?
249 1546 322 1618 Quia
353 1548 400 1605 lex
432 1547 624 1608 maledicebat
652 1564 749 1607 omnes
778 1548 912 1619 feminae,
946 1563 1020 1621 quae
1042 1564 1098 1606 non
1123 1548 1263 1607 haberent

137 1666 242 1710 semen.
285 1649 474 1710 Adiectum
496 1651 522 1709 ·i·
546 1650 736 1725 dilectionem,
760 1652 829 1726 qnia
850 1651 916 1726 plue
938 1650 1040 1711 dilexit
1068 1652 1154 1710 deum
1181 1668 1263 1725 quam

139 1754 238 1816 filiam.
276 1755 380 1815 Tulit
401 1755 428 1813 ·i·
451 1757 574 1816 abstulit
595 1774 627 1815 ·s·
650 1774 668 1815 a
689 1757 781 1817 nobie.
826 1756 992 1815 illaudati
1015 1757 1041 1815 ·i·
1065 1755 1212 1829 euangelii
1232 1754 1265 1812 do

138 1876 214 1919 noua
235 1859 310 1934 lege,
333 1859 381 1919 ubi
405 1860 526 1933 legitur:
550 1860 580 1919 Si
594 1860 700 1935 aliquis
716 1860 888 1934 percusserit
903 1863 930 1919 te
945 1860 975 1918 in
991 1858 1147 1938 maxillam,
1163 1857 1265 1932 praebe

140 1964 167 2025 ei
189 1964 320 2026 alteram.
364 1964 585 2025 demorante
607 1965 633 2024 ·i·
651 1967 823 2027 maculante.
867 1964 1013 2024 llouont
1034 1981 1066 2022 ·s·
1082 1963 1119 2021 ad
1143 1960 1296 2021 creduli-a

140 2070 231 2127 tatem
264 2069 350 2128 duros
383 2068 494 2141 ledeos,
527 2068 597 2128 licet
630 2086 729 2129 omnes
763 2070 911 2128 crederent
934 2068 962 2125 et
987 2065 1072 2139 signa
1104 2070 1267 2135 mouerent,

142 2172 190 2229 eod
214 2188 313 2231 omnes
336 2170 400 2231 duri
422 2171 502 2231 Indoi
522 2173 638 2231 credere
653 2171 817 2231 noluerunt.
855 2169 959 2230 Tulit
974 2169 1000 2227 ·i·
1014 2169 1127 2230 attulit.
1166 2169 1267 2228 Seru·

140 2274 200 2339 uie
223 2274 251 2333 .i·
274 2274 373 2347 generi
404 2273 530 2334 humano
552 2291 617 2335 cum
639 2276 784 2334 debuisset
807 2274 910 2332 efferre
932 2287 1051 2346 poenas,
1087 2270 1192 2330 attulit
1219 2286 1268 2345 pro

142 2377 240 2451 poenis
262 2393 388 2436 munera.
434 2375 537 2435 Tulit
558 2376 584 2434 ·i·
608 2377 758 2436 sustinuit.
807 2377 894 2436 Vita
916 2375 943 2434 ·i·
960 2374 1102 2434 christus.
1142 2370 1268 2433 'larte-

142 2496 202 2538 rus
224 2478 251 2537 ·i·
275 2477 416 2549 infernus,
444 2482 574 2539 tartaree
597 2480 701 2539 dicitur
723 2478 906 2554 profunditas
928 2478 1033 2538 inferni
1050 2494 1104 2551 apo
1120 2478 1300 2537 tartarizinre

143 2581 172 2639 ·i·
195 2599 214 2640 a
235 2583 366 2655 tremore,
389 2582 457 2656 qnia
479 2582 663 2656 profunditas
686 2583 808 2644 alicuius
823 2582 865 2641 rei
880 2583 994 2641 tuomet.
1039 2579 1229 2640 Proianus
1243 2581 1269 2638 ·i·

143 2685 246 2757 Adam,
269 2684 352 2758 quasi
376 2685 532 2760 sacrilegus
560 2688 713 2758 peccando.
760 2688 858 2744 Dura
880 2684 907 2742 ·i·
930 2682 1041 2762 rebelli,
1063 2682 1133 2755 quia
1154 2699 1189 2740 ox
1212 2681 1269 2741 illie

144 2785 278 2860 discipuli
301 2786 363 2847 eins
386 2786 514 2849 fuerunt.
558 2787 712 2847 Guetnto
734 2788 761 2848 .i·
783 2790 892 2862 potato,
919 2787 987 2862 quia
1001 2804 1052 2860 pro
1068 2791 1169 2845 nostra
1186 2790 1271 2858 gente

144 2890 265 2963 sanguis
288 2890 351 2950 eius
373 2890 429 2950 fuit
452 2892 559 2951 effusus
581 2896 611 2950 et
634 2890 739 2952 cotidie
768 2892 899 2964 potamus
922 2907 956 2949 en
978 2906 1019 2947 eo.
1064 2888 1273 2948 Euinrerat

145 2993 174 3052 ·i·
196 2994 280 3055 ualde
304 2992 453 3067 liganerat.
491 2993 623 3054 Vincla
646 3010 678 3051 ·s·
693 2993 825 3053 caritatis
840 3010 872 3051 ·e·
888 2991 1026 3065 apostolis
1042 2994 1072 3050 ot
1086 2990 1271 3065 martyribus,
1281 3010 1305 3049 ee

145 3115 216 3172 quoe
238 3115 298 3157 non
328 3098 462 3169 poterent
491 3097 631 3172 supplicio
658 3099 779 3155 terrere.
823 3096 958 3154 Hostes
985 3095 1014 3152 ·i·
1042 3094 1153 3153 inimici
1183 3095 1272 3153 Indoi.

145 3200 349 3274 Properare
373 3200 527 3259 aduentum
550 3200 675 3259 iudicum
689 3199 814 3272 priorum
831 3198 859 3258 ·i·
876 3198 1089 3273 prophetarum.
1122 3198 1275 3256 Munera

146 3307 273 3364 nostra
295 3303 322 3361 ·i·
346 3320 448 3378 corpus
471 3307 500 3362 et
522 3303 691 3379 sanguinem
707 3302 878 3365 nostrorum.
913 3301 1079 3362 Priorum
1102 3318 1133 3359 ·s.
1149 3302 1274 3375 prophe·

146 3408 252 3469 tarum.
296 3406 376 3467 Piis
406 3407 432 3465 ·i.
462 3407 583 3467 sanctie.
628 3407 762 3466 Sectae
791 3408 818 3465 ·i·
852 3405 970 3466 hereses
1006 3404 1110 3478 plenae
1144 3409 1216 3464 sunt
1248 3404 1275 3462 in

147 3510 280 3571 ecclesia
331 3510 443 3570 Corui
480 3510 507 3568 ·i·
540 3510 630 3583 impii.
675 3510 850 3569 Columba
883 3508 909 3566 ·i·
944 3509 1073 3567 ecclesia.
1125 3508 1307 3579 Praniepo

148 3615 253 3674 dicitnr
274 3616 416 3689 ternosue,
438 3629 494 3673 non
510 3614 616 3674 rectus.
651 3611 754 3672 Vieio
777 3610 886 3672 Christi
901 3610 1091 3671 remuneratio
1108 3611 1166 3670 erit
1181 3611 1280 3672 electis

148 3722 177 3779 et
193 3720 340 3778 damnatio
356 3716 494 3791 reprobis.
517 3717 681 3791 Spiritus
703 3716 819 3789 longum
836 3716 922 3775 habet
938 3714 993 3789 epi,
1009 3714 1059 3773 sed
1075 3713 1183 3773 maluit
1198 3720 1281 3790 poete

147 3837 327 3896 corrumpere
349 3821 478 3893 regulam
501 3837 585 3893 quam
609 3819 733 3877 minnere
756 3818 936 3877 Trinitatem.

255 4004 271 4055 9
289 4003 322 4059 oi.
341 4002 426 4057 ludio.
446 4005 486 4067 11,
504 4002 539 4056 36
642 4001 676 4055 14
693 4000 755 4054 Lno.
773 4001 798 4063 6,
816 3999 850 4053 29

202 4174 396 4245 3dogodeom
413 4175 441 4229 A
544 4173 560 4226 6
588 4171 663 4239 lepte
691 4171 717 4223 A
736 4168 797 4235 (bie)
902 4168 934 4223 15
955 4171 1060 4220 moun&
1081 4171 1109 4221 A
1221 4171 1288 4225 202

150 4261 310 4330 portanizin
328 4263 354 4313 A
365 4281 400 4307 =
411 4258 466 4312 dud
483 4257 652 4326 ταρταρίζειν
