2774 4830
161 318 222 384 132
649 315 780 369 Sedulii

242 508 334 571 Hunc
357 506 510 571 elementa
532 505 591 571 sibi
614 508 795 569 meruerunt
817 523 937 570 cernere
960 504 1096 583 uultum,

241 609 376 673 Auxiliis
401 609 510 673 orbata
531 607 640 691 patris,
664 608 784 672 laetata
804 627 859 691 per
881 612 993 693 crtum,

239 712 361 777 Maesta
375 731 430 796 per
452 729 601 775 occasum.
638 730 709 775 nem
733 712 785 775 lux
807 712 844 775 ut
865 715 1000 793 tempore
1023 711 1113 777 fulsit

156 816 220 880 240
241 814 407 880 Nascentis
429 814 564 894 Domini,
587 813 633 878 sic
655 813 714 877 hcc
736 814 887 878 moriente
908 816 1042 892 recessit,

239 918 309 985 Non
331 918 442 983 absens
465 936 610 982 mansura
632 917 695 994 <liu¹
718 917 772 981 sed
795 919 927 998 mystica
948 918 1076 1001 signans

239 1023 300 1086 Per
320 1023 458 1104 spatium
481 1026 600 1086 secreta
622 1040 730 1097 suum;
756 1021 868 1105 quippe
891 1025 927 1086 ut
948 1020 1048 1085 tribus
1071 1021 1156 1086 horis

241 1123 337 1191 Caeca
358 1124 514 1190 tenebrosi
537 1124 696 1189 latuerunt
717 1122 820 1188 sidera
842 1123 930 1200 caeli,

240 1226 292 1294 Sic
313 1228 464 1293 Dominus
487 1227 584 1292 clausi
606 1227 710 1297 triduo
732 1225 808 1291 tulit
831 1229 922 1290 antra
943 1227 1112 1311 sepulchri.

156 1329 220 1395 245
282 1330 349 1395 Nec
371 1332 464 1395 tellus
487 1329 552 1395 sine
575 1333 660 1396 clade
682 1330 752 1415 fuit,
777 1349 856 1415 quae
880 1330 956 1394 talia
979 1348 1105 1395 cernens

241 1433 395 1497 Funditus
417 1435 587 1511 intremuit,
611 1433 764 1516 dubioque
786 1435 817 1498 in
840 1434 901 1498 fine
922 1452 1105 1515 supremum

240 1535 374 1618 Erpauit
398 1538 510 1600 natura
532 1536 668 1610 modum,
692 1554 731 1600 ne
753 1542 877 1620 cogeret
900 1554 1025 1600 omnem

241 1638 385 1703 Summus
408 1656 485 1720 apex
506 1637 628 1703 inferna
648 1642 756 1722 petens
778 1637 977 1703 succumbere
1000 1640 1125 1718 molem,

241 1744 470 1823 Auctoremque
491 1759 619 1822 sequens
642 1760 697 1824 per
719 1743 839 1806 tartara
860 1741 992 1806 mundus
1015 1740 1128 1807 abiret.

157 1842 220 1908 250
241 1844 302 1910 Sed
324 1844 424 1928 pietas
446 1844 588 1908 inmensa
609 1861 705 1928 uagas
727 1844 910 1926 properabat
932 1843 970 1908 ad
993 1843 1134 1923 umbras,

156 2101 247 2155 orbem
264 2100 381 2155 luctibus
399 2100 422 2155 S
521 2104 674 2170 sequantui
689 2102 721 2155 in
739 2100 816 2157 eoae.
835 2101 903 2156 Arci
920 2107 945 2156 et
961 2100 1089 2156 Fabricii
1106 2102 1143 2156 at

225 2187 293 2239 Tota
310 2186 362 2239 sibi
381 2186 532 2255 oppositum
551 2186 662 2241 fratrem
680 2188 749 2257 quod
769 2186 847 2240 Delia
864 2185 980 2252 haberet,

226 2272 295 2325 Cum
313 2271 523 2339 submittente,
541 2288 634 2341 supero
653 2277 758 2342 (supera
774 2274 819 2327 uel
836 2275 924 2342 super)
941 2271 989 2327 ille
1007 2273 1036 2326 in
1054 2272 1172 2327 eulmine
1188 2272 1255 2338 coeli,

226 2356 316 2426 Impia
332 2360 485 2426 perpetuam
502 2357 655 2413 timuerunt
672 2359 760 2413 recula
777 2361 890 2412 noctem.

156 2458 250 2501 cerm
276 2443 375 2498 tertius
399 2442 496 2497 ederat
519 2444 552 2498 ia
577 2459 625 2499 nus.
651 2445 776 2511 Basilii,
805 2444 986 2515 quiquidem
1011 2461 1047 2500 ec
1077 2445 1154 2516 Vero.
1183 2445 1296 2517 Geerpa

158 2529 178 2582 I
199 2532 253 2583 468
279 2533 412 2582 maroe
438 2543 493 2583 cese
517 2529 638 2585 uidam.
673 2546 708 2585 cc
733 2537 824 2586 actm
854 2531 944 2585 codice
970 2532 1017 2587 toa
1043 2547 1142 2586 aereae
1168 2530 1296 2587 Sodali}

156 2616 295 2670 nectamus
317 2630 372 2669 eece
392 2622 504 2670 moneat
524 2616 609 2672 acted.
633 2617 734 2672 Poclm.
759 2619 910 2674 Amtacnie
933 2624 1012 2683 teste,
1037 2618 1212 2685 sciscitabit

156 2736 207 2790 ser
232 2708 295 2822 eine
320 2736 362 2799 rr,
397 2736 460 2791 eine
486 2740 565 2803 (corr.
593 2754 627 2791 m.
650 2742 678 2805 2)
706 2738 784 2793 cra
897 2740 1024 2795 ermeno
1050 2739 1211 2795 menna*

157 2845 291 2895 merentur
312 2841 360 2905 M,
396 2844 550 2895 meruerunt
572 2842 681 2907 (uerunt
703 2859 723 2895 a
738 2859 772 2898 m.
789 2845 819 2909 2)
844 2842 910 2911 ΤΚ,
947 2847 1057 2898 -uerunt
1079 2843 1148 2910 fort.
1170 2846 1201 2899 in
1224 2854 1296 2901 ra·

157 2959 198 3025 L,
227 2960 358 3014 merentia
376 2961 463 3024 P'Z¹‚
493 2927 594 3015 nereis
613 2978 641 3026 c,
671 2966 824 3017 metuerunt
841 2963 899 3019 cod.
919 2964 1041 3029 Bortlrii,
1061 2965 1149 3019 sciuri.
1167 2965 1296 3021 Pcelcr‘

158 3049 328 3099 moeruerunt
352 3047 422 3101 coni.
447 3047 543 3112 Arca,
578 3047 616 3114 cf.
641 3049 719 3103 Prot.
822 3048 874 3104 238
896 3048 980 3103 letata
1003 3048 1066 3103 MT
1079 3051 1144 3118 clii,
1179 3051 1296 3105 laetula

158 3167 328 3234 (taam)
339 3165 377 3232 K,
404 3165 500 3234 lestap·
517 3165 552 3221 8¹
650 3165 757 3221 hortum
770 3167 860 3234 ΜΨ,
890 3140 1024 3223 :rtumK
1115 3171 1166 3226 239
1178 3173 1296 3227 moesti

157 3251 232 3318 MT,
267 3253 352 3305 mesta
376 3252 444 3320 pler.
547 3268 652 3307 occasus
679 3256 717 3306 F²
739 3270 760 3308 e.
779 3254 797 3311 l.
901 3255 974 3326 rung.
1001 3260 1033 3310 ut
1059 3257 1093 3323 (it
1116 3273 1188 3313 eras.
1212 3261 1242 3313 ut
1274 3268 1296 3307 α

157 3370 191 3407 m.
209 3355 240 3421 2)
259 3354 292 3408 K
389 3353 441 3408 aco
458 3319 509 3410 ‹nn'›
527 3355 556 3408 n
573 3370 643 3410 corr.
661 3358 734 3410 aa
835 3356 883 3411 241
911 3358 1018 3412 mistica
1044 3360 1107 3414 ere
1130 3362 1193 3427 acce,
1226 3374 1289 3417 me

158 3472 278 3527 etieaE¹
373 3474 424 3529 242
436 3447 535 3530 sirau
548 3480 647 3540 (cam.
660 3476 736 3539 apl(
825 3476 1210 3548 honeris(corr,m.2)M¹1''

157 3557 208 3612 243
231 3558 306 3628 caeli]
329 3559 383 3628 poli
406 3560 446 3615 F¹
547 3562 599 3616 244
621 3563 717 3617 clausit
743 3564 773 3628 Τ,
808 3563 906 3618 clausi·
927 3565 1046 3620 MEGZ
1146 3562 1272 3637 sepulchri

157 3658 249 3698 onmes
264 3642 336 3709 fere,
366 3648 426 3699 utra
443 3646 556 3715 sepulcri
578 3646 643 3703 Urb.
657 3652 687 3714 (r.
701 3647 768 3715 XV)
854 3649 906 3705 245
922 3650 979 3719 nec]
997 3666 1026 3704 ec
1043 3647 1265 3711 curremus.

156 3730 309 3785 nonceted.
323 3731 422 3786 Podm.
503 3732 632 3788 01⁸·ch
704 3749 755 3803 que
768 3734 794 3788 T
870 3750 978 3790 cerneus
990 3736 1096 3793 tellao
1173 3737 1261 3794 ateiu·
1294 3782 1296 3789 .

156 3817 249 3871 tremit
277 3816 318 3870 T'
345 3833 380 3872 ec
405 3817 545 3874 intremuit
659 3819 709 3874 24¹1
737 3820 856 3891 medum]
883 3819 987 3875 obitum
1012 3822 1084 3878 corsi.
1110 3808 1214 3885 eant(

157 3951 204 3989 ue·
225 3938 251 4005 (c
269 3942 348 4003 aas.)
366 3938 398 3991 K
484 3911 589 4010 ηὲξοτᾶ
606 3943 764 4010 (ceam)
783 3941 810 3996 P
892 3945 998 4013 cogeret
1015 3960 1049 4000 ec
1067 3946 1210 4015 oegimtr

156 4020 304 4077 248-250
327 4023 386 4090 sere
412 4025 509 4080 abscisi
533 4032 598 4081 eunt
623 4029 654 4082 ia
679 4027 718 4082 Μ
849 4027 1034 4084 subcumberet
1059 4022 1254 4090 E'PGOEP'b

156 4112 307 4226 {tumuere
324 4144 358 4199 rr
452 4146 503 4202 aee
520 4116 579 4201 eii
597 4148 637 4215 n,
666 4116 785 4237 efflet
802 4153 828 4205 r
922 4123 1035 4236 mineus
1052 4152 1082 4207 Ρ
1174 4145 1252 4211 murt

156 4242 191 4298 H
289 4246 341 4303 250
358 4263 460 4317 rugans
480 4251 516 4307 Τ·
534 4265 603 4306 corr.
621 4267 655 4306 oc
673 4255 706 4319 2,
741 4266 825 4323 uagae
844 4255 883 4321 (ae
900 4254 933 4310 in
950 4259 1016 4323 roe.)
1033 4254 1065 4310 F
