2774 4830
539 358 688 429 Remigii
709 360 889 429 expositio.
1216 360 1279 427 351

151 568 235 614 sare
280 553 307 613 ·i·
350 556 515 627 percutere,
560 553 673 627 colapte
715 569 818 628 graece
861 553 981 629 cudore,
1031 552 1098 612 indo
1141 552 1282 629 colaphus

151 674 185 715 .s·
209 654 276 715 colli
297 655 438 726 incussio,
462 655 510 716 uel
533 655 653 715 caedere
675 655 703 715 ·i·
725 655 827 729 alapas
849 655 926 716 dare.
970 654 1122 714 Plausit
1144 655 1170 715 ·i·
1193 654 1309 729 lauit,v.
1325 670 1357 709 ιι,

150 758 262 831 arrisit,
291 758 360 833 quia
389 760 456 819 ante
485 760 539 818 sub
562 760 704 819 seruitute
730 758 837 820 diaboli
859 775 982 819 eramus.
1027 756 1146 832 Alapa
1167 760 1213 817 est
1234 758 1281 817 in·

150 862 249 922 cossio
277 860 365 921 laciei
393 860 511 921 diotae
540 863 599 921 lata
625 862 732 936 palma.
776 862 963 921 Inloctnm
987 860 1015 919 ·i·
1037 860 1228 934 inperfectum
1248 878 1281 921 a·

125 967 200 1032 saed
235 962 355 1023 lactum.
400 965 552 1024 Sanctio
580 965 608 1023 .i·
636 964 800 1041 promissio.
843 962 1039 1023 DamnauIt
1061 963 1089 1022 ·i·
1111 963 1228 1038 puniuit
1249 982 1281 1024 ·s·

149 1066 224 1127 illud
252 1084 334 1142 opus,
363 1068 439 1142 quod
466 1068 538 1129 lecIt
566 1070 683 1144 qnando
705 1072 769 1128 arat
798 1069 946 1138 inmemor,
984 1067 1132 1127 damnauit
1164 1067 1280 1141 quando

148 1170 207 1230 luit
225 1188 341 1232 memor.
376 1172 518 1233 cedunt
533 1173 560 1232 ·i·
576 1172 721 1234 recedunt.
754 1171 908 1232 Delicta.
934 1172 1075 1231 Delictum
1090 1174 1146 1244 est,
1168 1169 1280 1246 quaudo

149 1273 181 1333 id
202 1273 278 1348 quod
305 1288 393 1348 agere
426 1273 563 1332 dabamus
593 1271 774 1341 dimittimus,
807 1276 836 1331 et
864 1270 969 1331 dicitur
996 1272 1078 1346 quasi
1100 1270 1278 1333 derelictum.

149 1378 265 1453 sigeo
301 1378 374 1439 lacit
409 1377 597 1453 praeteritum
633 1376 719 1450 rigui,
756 1375 824 1436 inde
857 1375 967 1459 dirigso
1000 1377 1028 1435 ·i·
1061 1376 1162 1435 durum
1195 1375 1279 1439 facio.

109 1482 376 1563 roGommercie
397 1481 424 1540 ·i·
446 1482 551 1554 pretia.
590 1478 793 1540 Commercium
815 1481 843 1539 ·i·
866 1479 1052 1540 commutatio
1083 1479 1218 1539 mercium
1248 1480 1280 1541 et

148 1585 270 1661 proiecit
291 1586 321 1645 in
344 1586 497 1644 corbanan.
533 1583 682 1643 corbanan
704 1583 782 1643 enim
805 1585 851 1642 est
873 1580 1108 1657 gazophilatium,
1130 1582 1181 1643 ubi
1202 1583 1279 1644 dona

147 1688 249 1763 populi
271 1687 514 1747 recondebantur.
540 1684 653 1746 corban
668 1685 783 1759 donum,
807 1686 875 1746 inde
889 1687 1032 1746 corbanan
1048 1685 1207 1759 donauum,
1229 1684 1279 1746 uti

144 1807 232 1864 reges
254 1794 284 1851 et
305 1790 451 1866 principes
466 1790 542 1849 dona
564 1789 724 1848 condebant
739 1789 767 1847 in
785 1791 915 1851 sabbato.
952 1790 1151 1850 Incassum.
1175 1788 1278 1850 Cossus

146 1895 284 1955 dicuntur
305 1893 382 1953 retia
404 1908 584 1965 aranearum,
619 1892 685 1950 inde
713 1891 881 1951 aduerbium
904 1892 1050 1951 incassum
1072 1891 1099 1949 ·i·
1122 1890 1276 1952 inutiliter.

108 1998 284 2067 „Vertat
306 1999 335 2057 ·i·
357 1998 515 2056 subuertet.
554 1996 685 2055 Sanior
710 1996 737 2053 ·i·
760 1996 874 2055 iustior.
912 1996 1059 2068 Angena
1082 1996 1109 2055 ·i·
1132 1994 1277 2055 constrin-

145 2118 229 2176 gens,
253 2086 409 2163 suffocans.
436 2100 525 2159 Recte
547 2116 600 2174 per
621 2102 723 2174 guttur
737 2115 895 2174 suspensus
912 2099 980 2171 fuit,
1002 2098 1120 2173 quiade
1136 2098 1186 2159 illo
1202 2098 1278 2159 male

145 2205 261 2264 locutus
281 2208 337 2275 ost,
361 2205 395 2264 do
417 2201 541 2264 Christo.
580 2203 667 2263 Iudas
696 2203 773 2263 inter
800 2203 910 2263 caelum
939 2206 969 2263 et
992 2205 1099 2263 terram
1126 2204 1223 2277 periit,
1246 2204 1277 2262 et

145 2310 180 2365 ut
203 2308 320 2381 quidam
343 2307 443 2367 dicunt
465 2308 497 2366 in
515 2306 580 2379 ficu,
596 2306 736 2380 quianon
753 2310 817 2366 erat
831 2308 948 2381 dignus,
965 2309 998 2366 ut
1012 2306 1049 2367 ab
1064 2307 1111 2367 his
1126 2304 1276 2367 clamantis

143 2410 333 2484 reciperetur.
367 2409 523 2484 Baluga,
543 2411 700 2469 retrorsum
724 2410 839 2468 uadens.
862 2411 1044 2485 Apostata
1064 2424 1175 2485 graeca,
1199 2412 1275 2470 retro

106 2528 303 2578 soconnorsus
325 2513 419 2572 latino
442 2512 489 2589 uel
511 2514 589 2571 retro
605 2513 717 2572 cedens.
748 2512 823 2572 Hinc
838 2512 956 2572 uerbum
970 2515 1111 2586 apostate,
1126 2516 1275 2586 apostatas

146 2620 178 2675 et
200 2633 303 2677 nomeu
325 2617 474 2690 apostasia
495 2614 560 2688 ipsa
582 2631 628 2676 res
647 2616 673 2674 ·i·
689 2618 867 2676 retrocessio.
907 2616 945 2674 lit
967 2615 1023 2676 isto
1039 2616 1126 2675 Iudas
1141 2618 1276 2692 apostata

145 2718 215 2790 fult,
238 2721 307 2796 quia
328 2718 524 2794 apostolorum
547 2718 659 2778 dimisit
681 2720 856 2779 consortium
878 2722 908 2779 at
921 2719 1072 2779 Iudaorum
1095 2719 1229 2781 caecitati
1243 2736 1275 2781 se

143 2822 278 2887 sociauit.
322 2822 376 2881 Io
398 2821 565 2896 iugulum
587 2822 615 2879 ·i·
637 2822 675 2880 ad
698 2822 924 2882 decollationem.
958 2822 1094 2896 Iugulum
1119 2839 1207 2897 prope
1229 2826 1275 2883 est

143 2922 262 2997 collum,
285 2924 354 2985 inde
376 2924 518 2998 estquod
540 2924 672 2998 iugulare
694 2924 815 2984 dicimus
838 2924 990 2985 decollare.
1028 2924 1155 2987 lausus.
1178 2926 1274 2985 Lucus

104 3029 193 3093 secat
213 3028 292 3087 locus
314 3044 450 3088 amoenus
472 3032 503 3088 et
524 3028 689 3089 arborosus.
721 3026 803 3086 Indoi
826 3027 855 3086 iu
878 3027 960 3087 siluis
974 3030 1006 3087 et
1021 3028 1051 3087 in
1066 3028 1187 3089 excelsis
1201 3028 1274 3090 locis

143 3131 306 3191 adorabant
333 3131 419 3193 idola.
457 3132 569 3190 Idolum
591 3131 696 3190 dicitur
718 3129 803 3205 quasi
825 3131 887 3190 idos
910 3130 993 3192 dulos
1014 3130 1042 3190 ·i·
1064 3133 1190 3193 seruitus
1213 3133 1272 3193 lor·

142 3250 208 3292 mae
229 3236 261 3293 et
283 3233 432 3294 deriuatur
460 3234 566 3294 idolum
596 3235 633 3293 ab
656 3235 723 3293 idua
747 3236 823 3294 sicut
846 3233 970 3295 formula
991 3252 1009 3294 a
1030 3236 1131 3296 torma.
1175 3236 1274 3295 Tunc

142 3336 173 3394 ·i·
194 3336 313 3410 antiquo
327 3340 464 3411 tempore.
510 3336 721 3397 Barrabbas
745 3338 954 3411 interpretatur
969 3337 1045 3398 lilius
1060 3339 1154 3412 patris
1175 3356 1273 3400 eorum

141 3440 173 3499 ·i·
195 3439 313 3513 diaboli,
336 3439 388 3499 bar
411 3456 513 3514 graece
534 3439 625 3512 lilius,
648 3439 737 3500 abbas
760 3442 843 3514 pater
864 3442 913 3501 uel
935 3443 1072 3501 barrabas
1095 3443 1218 3515 perduc
1241 3458 1272 3500 ·r·

100 3540 223 3606 aofilius
244 3543 377 3617 magistri
400 3559 508 3602 sorum.
540 3542 633 3603 Babbi
650 3542 725 3602 enim
741 3544 882 3619 lustrales,
898 3544 992 3603 latine
1008 3544 1153 3617 magister.
1190 3544 1271 3605 Ius-

140 3662 206 3705 sus
229 3664 261 3706 ·s·
284 3645 352 3726 fuit,
375 3663 427 3720 pro
446 3645 576 3705 omuibus
591 3644 724 3706 Christus
746 3664 849 3721 pessus
873 3646 938 3717 fuit,
962 3646 1051 3707 ctiam
1072 3663 1123 3721 pro
1146 3646 1269 3710 latrone.

141 3748 245 3808 Omnis
268 3749 344 3808 enim
367 3764 426 3808 non
448 3764 561 3822 sempor
575 3749 750 3823 generaliter
765 3750 879 3823 ponitur
895 3751 945 3809 sad
960 3750 1186 3824 particulariter,
1203 3752 1271 3826 quia

140 3850 280 3910 dominus
301 3869 405 3926 passus
428 3853 473 3910 est
494 3868 549 3911 uon
565 3868 617 3924 pro
632 3852 727 3911 malis.
764 3852 884 3911 Torua
899 3851 991 3914 falx.
1018 3852 1088 3913 Falx
1102 3856 1147 3914 ost
1161 3853 1271 3915 ferrum

140 3952 219 4013 unda
242 3952 381 4015 inciditur
402 3953 524 4027 foenum,
547 3970 598 4028 per
613 3952 718 4014 falcom
733 3952 913 4029 intellegitur
929 3955 1092 4017 maledictio
1108 3958 1269 4033 Iudeorum,

194 4185 229 4239 24
251 4158 324 4242 locus
342 4192 370 4253 (u
388 4204 407 4242 a
424 4204 459 4242 nr.
476 4192 506 4253 2)
528 4189 556 4243 A
659 4190 692 4243 25
711 4154 794 4245 silsu'i
810 4191 831 4258 (i
848 4198 930 4257 eros.)
949 4191 976 4245 A
1078 4190 1112 4245 26
1128 4192 1193 4259 sort.
1213 4192 1270 4248 ido·

138 4290 222 4346 aulos
325 4290 358 4345 er
377 4279 478 4348 clausi
495 4295 522 4347 Δ
