2774 4830
541 350 688 420 Remigii
708 350 887 420 expositio.
1214 353 1277 419 349

147 544 294 617 sapientia
317 543 417 601 defluit
438 542 514 602 sicut
536 545 601 618 ipsa
624 543 694 603 uicit
716 560 766 617 per
781 544 974 604 salamonem:
998 542 1060 617 Ego
1079 560 1113 603 ex
1128 560 1176 602 ore
1192 544 1277 602 altis·

146 646 214 706 simi
242 647 346 721 prodii.
382 648 426 706 Ex
455 649 539 720 sputo
567 663 635 720 ergo
659 651 688 705 et
711 652 790 706 terra
818 647 950 705 dominus
978 646 1071 704 lutum
1098 645 1179 721 iecit,
1208 649 1277 718 quia

145 750 287 809 diuinitas
316 751 457 808 humanae
485 758 607 809 naturae
636 750 747 809 sociata
769 754 822 810 est.
857 751 1044 824 Allegcrinat,
1079 750 1135 809 Per
1158 756 1276 823 sputum

147 852 332 927 intellegitur
356 852 505 922 diuinitas,
530 870 581 927 per
604 855 710 912 terrem
726 853 901 924 humanitas,
923 870 995 926 qnae
1011 853 1098 912 simul
1113 856 1145 912 in
1160 852 1274 912 Christo

121 958 320 1017 sconiunctae
357 974 447 1016 causa
484 961 601 1017 nostrae
637 957 742 1016 salutis
779 958 951 1017 extiterunt.
1009 958 1147 1016 abluta
1189 972 1276 1015 cansa
1286 980 1305 1009 v.
1323 977 1351 1003 ve

145 1062 232 1119 metri
255 1060 402 1133 corripuit.
440 1059 627 1119 Bethania
650 1060 801 1120 ciuitatula
824 1062 852 1119 in
875 1061 971 1120 radice
986 1061 1090 1121 montis
1105 1060 1203 1120 olineti
1219 1076 1275 1119 non

145 1163 231 1235 longe
255 1166 291 1222 ab
314 1162 497 1222 Hierusalem
519 1164 642 1242 distans,
666 1164 770 1222 stadiis
794 1163 872 1236 ·XV·,
896 1168 926 1222 et
948 1163 1155 1237 interpretatur
1177 1164 1276 1223 domna

145 1265 353 1328 oboedientiae.
397 1266 557 1325 Lazarus
593 1266 804 1339 interpretatur
840 1267 965 1327 adiutus.
1011 1268 1214 1341 Populatic
1247 1266 1274 1335 ·i,

145 1368 301 1427 multitudo
317 1369 416 1441 populi
431 1374 462 1426 et
476 1373 521 1427 est
535 1370 656 1427 uerbum
675 1368 841 1427 affectatum
857 1374 886 1428 et
899 1387 973 1429 none
984 1369 1143 1431 inuentum.
1168 1371 1276 1430 Secun-

107 1473 214 1531 nodum
237 1472 381 1531 hominem
403 1472 492 1531 flebat
514 1474 592 1545 dene,
617 1474 685 1547 quia
707 1474 847 1532 diuinitas
869 1458 1050 1548 inpassibilis
1072 1490 1127 1533 non
1142 1474 1277 1533 subiacet

143 1575 283 1651 passioni.
315 1574 412 1633 Post
428 1574 560 1633 funera
575 1575 602 1633 ·i·
617 1580 682 1648 post
697 1580 826 1635 mortem.
850 1576 949 1636 Funus
964 1580 1010 1634 est
1023 1578 1138 1651 proprie
1154 1578 1276 1637 cadauer

144 1679 252 1738 mortni
275 1677 399 1737 hominis
430 1678 540 1736 dictum
563 1677 718 1738 clunibus
741 1680 769 1738 ·i·
792 1679 931 1739 candelis.
975 1680 1132 1740 Lethelo
1160 1680 1275 1739 chaos

143 1782 174 1841 .i·
190 1782 321 1840 mortalis
336 1782 475 1841 conlusio.
499 1780 570 1841 Lex
584 1782 689 1856 perit.
712 1782 772 1841 Lex
787 1783 888 1842 mortis
904 1789 958 1855 est,
975 1788 1007 1843 ut
1022 1785 1110 1843 semel
1126 1786 1274 1855 acceptum

145 1886 274 1944 retineat
295 1887 325 1943 et
348 1900 494 1957 nunquam
522 1885 634 1945 reddat.
680 1884 825 1944 Caduca
853 1886 1013 1945 culmina
1034 1888 1061 1945 ·i·
1091 1885 1275 1945 transitorios

106 2012 134 2051 ιε
144 1989 280 2048 honores.
318 1987 492 2048 Phalaris
508 1988 535 2046 ·i·
551 1987 649 2047 bullis.
681 1988 821 2048 Phalereo
836 1990 973 2049 dicuntur
987 1989 1163 2063 generaliter
1179 1988 1275 2047 omnia

144 2094 317 2152 ornamenta
339 2108 484 2165 equorum,
509 2107 613 2164 graece
628 2092 765 2166 ephippia
779 2093 921 2153 dicuntur.
966 2092 1078 2153 Ostra
1094 2092 1120 2149 ·i·
1136 2080 1273 2165 purpura.

145 2194 264 2255 Ostium
287 2195 393 2255 dicitur
414 2212 543 2269 purpura
565 2197 601 2254 ab
624 2196 728 2255 ostreis
752 2196 778 2254 ·i·
802 2196 961 2268 pisciculis,
987 2213 1105 2270 quorum
1129 2194 1274 2267 sanguine

143 2297 299 2371 tinguitur.
344 2300 482 2357 Aurum
505 2299 531 2356 ·i·
555 2298 668 2356 frenum
696 2316 822 2373 aureum,
852 2299 988 2359 indicium
1017 2299 1105 2373 opimi
1133 2298 1199 2373 aqui
1228 2299 1276 2357 est

143 2400 387 2473 sanguinolentas
410 2402 447 2459 ab
470 2416 518 2460 cre
540 2418 656 2476 spumas
679 2402 781 2462 eicere.
827 2402 948 2461 Honos
978 2419 1030 2477 pro
1052 2402 1153 2461 honor.
1192 2401 1275 2460 Non

104 2504 220 2563 aufuit
241 2505 355 2577 impar
377 2522 409 2563 s·
432 2503 561 2577 aequalis
585 2504 737 2579 dignitatis
764 2505 821 2565 fuit
844 2507 900 2567 iste
922 2508 1032 2577 asinus,
1058 2506 1138 2564 cuius
1162 2509 1191 2564 et
1214 2504 1274 2576 ille,

143 2606 196 2680 qui
219 2607 338 2679 agnouit
360 2605 506 2664 Christum
529 2607 560 2665 in
584 2608 724 2680 praesepi.
763 2608 802 2665 ln
826 2588 950 2667 solido
965 2608 992 2666 ·i·
1008 2608 1089 2667 duro.
1112 2607 1275 2681 Alloquitur

142 2710 278 2783 gentiles.

512 2943 572 3026 IN
607 2943 830 3027 LIBRVM
866 2943 906 3025 V.

190 3154 373 3227 Coeperat
396 3152 423 3209 ·i·
447 3154 604 3212 aduenerat
633 3153 705 3222 dies,
738 3154 768 3212 in
797 3172 852 3228 qua
882 3154 962 3213 lutei
993 3154 1102 3227 pascha
1131 3152 1274 3213 celebrare

101 3259 299 3321 redebebant
337 3257 449 3316 Pascha
471 3256 577 3316 dicitur
599 3276 616 3315 a
638 3258 774 3329 transitu,
807 3275 863 3317 non
886 3276 903 3315 a
926 3259 1060 3331 passione
1094 3262 1125 3317 ut
1158 3256 1274 3331 quidam

143 3362 257 3423 dicunt.
287 3360 351 3419 Ista
374 3362 449 3419 enim
472 3361 518 3418 die
541 3360 722 3420 transierunt
744 3360 796 3419 filii
820 3361 912 3420 Israel
935 3378 969 3420 er
991 3364 1133 3436 Aegypto.
1165 3361 1275 3419 Pascha

143 3470 242 3526 autem
275 3472 337 3522 erat
368 3465 443 3536 apud
472 3463 576 3523 Iudeos
605 3479 710 3536 agnus,
740 3463 789 3536 qui
818 3464 1020 3523 immolabatur
1051 3464 1087 3521 ad
1114 3480 1274 3536 uesperum.

143 3568 275 3627 Gloria
296 3568 323 3626 ·i·
347 3568 481 3626 maiestas
498 3566 615 3628 Christi.
650 3566 778 3625 Pulchra
801 3566 908 3625 locutio
931 3571 984 3636 est,
1008 3568 1120 3639 quando
1143 3583 1193 3640 pro
1209 3584 1274 3639 per-

145 3689 222 3730 sona
243 3688 295 3744 par
318 3670 602 3730 circumlocutionem
626 3669 787 3728 declaratur
805 3670 942 3743 qualitas,
968 3674 998 3727 ut
1015 3669 1156 3742 Virgilius
1182 3665 1274 3728 ‘robur

102 3770 340 3841 „Troianornm'
372 3775 398 3832 ·i·
430 3775 546 3843 Hector,
585 3774 627 3832 ita
661 3774 768 3833 dicitur
803 3774 896 3848 gloria
929 3773 1036 3835 domini
1069 3774 1096 3831 ·i·
1130 3772 1273 3834 christus.

144 3877 365 3937 clarificem
388 3894 419 3935 ·s·
442 3877 470 3935 in
504 3878 722 3938 resurrectione.
767 3877 971 3937 Consonam
993 3879 1020 3937 ·i·
1041 3894 1173 3951 consors3
1207 3876 1274 3949 qnia

251 4078 264 4130 l
288 4076 357 4130 Eccl.
374 4076 417 4145 nl,
435 4077 452 4130 iu
554 4076 588 4129 29
606 4076 640 4130 ci.
658 4078 724 4133 Aen.
742 4076 771 4130 11
790 4077 839 4131 281

196 4268 213 4320 6
231 4266 352 4349 canicula
369 4267 396 4321 A
499 4267 533 4320 23
551 4266 589 4321 lit
610 4266 670 4321 ·lll·
690 4268 732 4331 lia
749 4284 832 4338 marg.
851 4285 884 4323 ni.
902 4274 930 4331 2)
949 4274 975 4321 A

1284 3186 1304 3215 r.
1319 3176 1382 3217 1-10
