2774 4830
534 332 685 404 Remigii
706 334 887 405 expositio.
1211 337 1276 405 &¹39

145 527 278 588 funere
294 526 320 585 ·i·
334 526 365 585 in
381 525 469 587 dubis
483 528 585 589 morte.
608 526 634 585 A
649 524 765 589 funibus
780 527 866 589 funus
881 543 957 588 mors
973 527 1087 592 dicitur.
1103 522 1234 611 (Funus)
1249 528 1306 589 ·i·v.
1376 559 1379 584 ;

144 631 290 702 candelae,
306 629 443 690 candelae
457 631 528 690 sunt
542 630 626 690 tunes
640 646 708 690 cere
723 631 816 693 obliti.
850 631 1053 706 Coquebat,
1070 630 1276 707 cumprimum

144 731 252 806 frigide
274 735 321 792 est
343 732 443 807 febris,
473 735 575 807 postea
604 733 708 794 celida.
752 735 911 795 Fontem
934 734 1006 794 dicit
1028 736 1112 796 fidem
1134 736 1274 812 mulieris,

143 853 217 911 quae
247 839 278 896 in
307 838 392 896 corde
418 836 539 898 latebat.
583 837 667 899 Ires
697 838 725 897 ·i·
748 839 916 899 uexationes
944 839 1084 913 nigrorun
1111 837 1192 911 dicit,
1215 853 1274 899 non

117 941 219 1015 equod
242 938 365 1014 spiritus
393 939 472 1015 nigri
501 942 580 1015 sunt,
608 957 663 1002 uon
687 942 763 1002 enim
785 941 891 1005 accidit
918 942 996 1003 color
1017 941 1077 1002 niei
1098 940 1272 1017 corporibus,

142 1043 196 1103 sed
229 1043 332 1118 nigros
361 1043 483 1104 dicimus
512 1042 661 1103 damnatos
691 1046 738 1106 uel
770 1046 897 1105 mortuos
926 1062 943 1104 e
971 1062 1085 1120 graeco,
1121 1042 1196 1119 quod
1228 1045 1274 1105 eet

144 1148 252 1226 micros,
280 1149 311 1206 st
335 1146 457 1222 maligui
485 1147 607 1223 spiritus
637 1149 756 1222 propter
784 1147 999 1222 malignitatem
1028 1148 1165 1209 dicuntur
1185 1144 1272 1220 nigri,

143 1249 213 1324 quie
234 1249 305 1311 licet
325 1248 537 1327 perpetualiter
558 1250 672 1325 uiuunt,
695 1253 792 1311 muron
814 1252 919 1312 mortui
941 1254 1010 1312 sunt
1025 1250 1159 1313 felicitati
1179 1252 1272 1311 aeter·

142 1369 208 1413 nae.
250 1352 433 1415 Honorem
465 1354 537 1415 dicit
565 1353 717 1429 hominem,
745 1353 814 1428 quia
841 1354 925 1415 homo
953 1355 1044 1415 honor
1076 1356 1120 1414 ost
1149 1352 1274 1414 omnium

102 1460 321 1534 conmutatum,
345 1473 395 1532 per
417 1458 499 1519 illum
514 1458 591 1518 enim
607 1458 704 1519 omnia
722 1458 909 1519 honorentur.
946 1456 1063 1518 Norat
1077 1474 1109 1517 ·e·
1124 1456 1273 1529 Christum

142 1560 276 1621 diabolus
305 1561 462 1622 secundum
490 1561 685 1623 substantiam
713 1561 760 1621 dei
788 1564 842 1639 est,
872 1562 941 1636 quia
969 1562 1032 1637 ipse
1062 1577 1127 1621 eum
1152 1560 1272 1635 creauit,

142 1666 302 1725 secundum
325 1665 475 1725 autemid
504 1664 579 1739 quod
601 1664 695 1725 mains
720 1667 775 1740 est,
799 1681 856 1724 non
879 1667 925 1725 est
947 1664 1003 1740 dei,
1027 1664 1095 1738 quia
1117 1665 1187 1723 deus
1209 1680 1274 1724 eum

142 1768 249 1828 bonum
277 1768 388 1829 creauit
415 1772 445 1829 et
473 1772 576 1829 cuncte
598 1769 684 1830 uelde
710 1771 787 1830 bona
808 1769 888 1831 fecit.
931 1769 1096 1829 Arentes
1118 1767 1224 1843 elgae
1246 1767 1274 1828 ·i·

141 1872 239 1932 sicces
257 1871 371 1932 herbas.
404 1873 497 1947 Algae
512 1872 646 1933 dicuntur
666 1875 858 1948 purgamento
881 1870 983 1931 matris
1005 1871 1053 1930 uel
1075 1870 1197 1931 alicuius
1219 1869 1273 1943 rei,

100 1998 131 2039 ne
141 1975 209 2037 ideo
231 1976 342 2035 marius
356 1974 419 2036 loca
431 1977 527 2050 petiit,
551 1979 583 2036 ut
605 1976 647 2037 ibi
669 1976 799 2052 quisquis
821 1976 904 2037 deum
925 1992 1026 2037 uerum
1049 1990 1111 2035 esse
1126 1975 1273 2033 monstra·

140 2080 199 2140 ret.
252 2078 405 2154 Cymbae
443 2078 468 2138 i·
505 2079 665 2140 neniouiee.
711 2079 817 2154 Cymbe
859 2095 981 2154 mucce,
1024 2077 1127 2138 cumba
1169 2077 1270 2137 latine.

140 2182 183 2241 Li
193 2181 351 2242 brabant
365 2181 392 2241 ·i·
408 2181 577 2259 tendebant,
595 2180 805 2241 modificabant.
835 2181 957 2243 Libraro
972 2181 1088 2256 proprie
1103 2181 1147 2239 eet
1161 2178 1272 2255 aliquid

139 2284 172 2343 in
195 2283 287 2343 altum
309 2282 473 2346 extendere.
518 2284 627 2344 Ratis
649 2284 764 2361 proprie
786 2287 830 2345 eet
852 2286 1046 2345 incastratura
1072 2283 1197 2343 trabium
1224 2282 1273 2344 uel

140 2390 241 2448 strues
268 2387 423 2463 lignorum.
467 2386 621 2447 Flebrie
651 2387 680 2446 ·i-
702 2388 809 2461 uentis,
838 2387 906 2448 inde
934 2384 1081 2447 flabellum
1103 2384 1273 2446 diminutius
1334 2460 1339 2481 Ι

97 2506 250 2565 „paruus
279 2495 392 2554 uentus.
436 2491 569 2568 Hyems
598 2494 642 2553 ost
671 2494 775 2567 quarta
801 2508 872 2568 pare
901 2490 981 2565 enni,
1008 2489 1059 2551 sod
1081 2491 1200 2551 ebusina
1221 2507 1273 2565 pro

139 2598 317 2668 tempestate
350 2596 476 2669 ponitur.
522 2596 712 2657 Procollie
735 2597 762 2655 ·i·
785 2595 901 2671 magnis
930 2596 1033 2669 undis,
1066 2592 1196 2670 procelle
1228 2596 1274 2654 eet

139 2701 247 2757 uentus
269 2714 333 2758 cum
362 2715 437 2773 eque
464 2700 581 2759 mixtus.
625 2699 727 2759 Vade
748 2699 847 2760 salsa
872 2699 900 2758 .i·
924 2698 1037 2760 eeliuae
1059 2714 1151 2771 equae
1174 2698 1272 2758 merie.

139 2800 290 2861 Poeticum
311 2805 356 2862 est
379 2801 454 2876 qnod
477 2802 548 2863 dicit
569 2803 688 2877 salsum,
712 2803 780 2879 quie
801 2819 881 2863 mere
903 2800 1034 2861 Gelileao
1054 2800 1166 2861 dulcem
1185 2799 1273 2861 hebet

138 2920 257 2979 eonem
294 2904 419 2967 habilem
453 2907 488 2965 ed
520 2906 676 2981 potandum
699 2922 730 2965 e·
752 2905 816 2966 ideo
850 2905 921 2969 dicit
953 2905 1017 2980 hoc,
1050 2903 1119 2979 quia
1150 2920 1272 2977 genera·

95 3006 209 3071 naliter
231 3007 338 3068 dicitur
360 3010 396 3068 ab
418 3008 623 3085 amaritudine,
645 3011 674 3069 et
696 3009 842 3070 sciendum
865 3008 933 3084 quie
947 3006 1147 3084 nauigationes
1163 3006 1272 3067 domini

136 3110 168 3171 in
207 3112 281 3172 meri
318 3112 409 3173 fuisse
446 3112 573 3173 Geliiese
608 3113 753 3177 dicuntur.
800 3111 1014 3188 Naufragio
1044 3112 1073 3171 ·i·
1110 3109 1273 3187 periculosa

136 3214 284 3291 putebant
298 3231 330 3275 ee
347 3214 502 3290 naufragis
517 3229 663 3290 passuros.
696 3215 863 3276 Dormire
882 3217 926 3276 est
941 3216 1099 3291 quiescere,
1115 3215 1272 3276 dormitare

136 3320 207 3377 ante
238 3317 362 3392 quietem
395 3318 539 3393 pigritare
573 3322 603 3381 et
637 3318 834 3379 somniculeri.
880 3318 985 3380 (titus
1017 3318 1043 3378 ·i·
1076 3318 1150 3395 cito;
1184 3317 1272 3378 uorbe

137 3420 334 3493 turbatorum,
355 3419 386 3479 in
408 3423 535 3482 turbetis
558 3422 637 3483 enim
659 3439 717 3483 non
746 3424 794 3483 eet
820 3422 975 3483 continuus
997 3439 1092 3483 sermo
1113 3421 1164 3481 sed
1186 3437 1270 3495 sepa·

94 3526 231 3588 eoretue.
276 3522 460 3586 Erilieus
492 3525 520 3584 ·i·
552 3527 683 3600 gaudens
720 3528 841 3602 propter
874 3525 1029 3588 Christum.
1074 3524 1216 3585 Anides
1244 3524 1272 3582 ·i·

136 3624 269 3699 cupidae.
314 3627 461 3688 Penuee
477 3627 612 3689 dicuntur
627 3628 735 3690 habere
751 3630 833 3689 uenti
847 3632 966 3705 propter
981 3645 1063 3689 snam
1077 3627 1270 3689 uelocitatem.

135 3728 356 3789 Prosiluero
378 3730 407 3788 ·i·
431 3747 494 3790 curn
521 3732 630 3806 impetu
653 3732 822 3805 exilierunt,
856 3732 998 3806 gemino
1022 3730 1103 3803 dixit,
1126 3728 1194 3805 qnia
1215 3729 1270 3789 duo

134 3834 231 3893 erant.
254 3830 350 3893 Mela
365 3851 396 3893 ·s·
411 3834 562 3910 supplicia.
578 3834 699 3908 Legio.
714 3836 801 3911 Legio
816 3838 861 3896 est
872 3828 981 3897 ‘vi-dc
991 3868 998 3882 ·
1008 3848 1055 3895 ux
1070 3848 1106 3895 vl
1121 3834 1269 3905 demones;

133 3934 215 4009 regio
243 3934 329 3997 ueras
357 3936 464 3997 dicitnr
484 3954 596 4012 graece,
628 3939 805 3999 macedonico
826 3938 962 4013 phahnx.
1007 3936 1171 4013 Duplex,
1203 3936 1271 4010 quie

91 4036 262 4107 „interius
290 4042 374 4098 erent
405 4040 537 4101 demones
566 4040 693 4115 peruaei,
718 4040 845 4101 exterius
873 4040 999 4099 uinculis
1032 4039 1153 4100 inretiti.
1198 4038 1270 4099 Pro

190 4187 204 4240 l
229 4186 364 4257 candeism
387 4190 415 4243 A
518 4188 643 4244 inikroe
660 4188 939 4258 A=veuodscfl1n
957 4192 1057 4255 ³46st
1159 4188 1195 4244 26
1212 4189 1271 4243 iuer

130 4275 167 4329 ios
186 4288 239 4343 mc.
257 4275 285 4328 A
389 4274 423 4329 33
441 4274 592 4345 noningenti
609 4276 641 4329 in
657 4291 709 4346 mc.
727 4276 753 4329 A
857 4274 892 4329 34
909 4274 973 4329 kere
990 4275 1018 4329 A

1111 4377 1167 4433 220
