<?xml version="1.0" encoding="UTF-8"?>
<!DOCTYPE html PUBLIC "-//W3C//DTD XHTML 1.0 Transitional//EN"
    "http://www.w3.org/TR/xhtml1/DTD/xhtml1-transitional.dtd">
<html xmlns="http://www.w3.org/1999/xhtml" xml:lang="en" lang="en">
 <head>
  <title>
</title>
<meta http-equiv="Content-Type" content="text/html;charset=utf-8" />
  <meta name='ocr-system' content='tesseract 3.04.00' />
  <meta name='ocr-capabilities' content='ocr_page ocr_carea ocr_par ocr_line ocrx_word'/>
</head>
<body>
  <div class='ocr_page' id='page_1' title='image "./sedvliioperaomn01remigoog_0016.png"; bbox 0 0 2774 4830; ppageno 0'>
   <div class='ocr_carea' id='block_1_1' title="bbox 213 361 267 408">
    <p class='ocr_par' dir='ltr' id='par_1_1' title="bbox 213 361 267 408">
     <span class='ocr_line' id='line_1_1' title="bbox 213 361 267 408; baseline 0 0"><span class='ocrx_word' id='word_1_1' title='bbox 213 361 267 408; x_wconf 85' lang='lat'>1111</span> 
     </span>
    </p>
   </div>
   <div class='ocr_carea' id='block_1_2' title="bbox 213 523 1334 1538">
    <p class='ocr_par' dir='ltr' id='par_1_2' title="bbox 213 523 1334 1538">
     <span class='ocr_line' id='line_1_2' title="bbox 215 523 1334 610; baseline -0.004 -17"><span class='ocrx_word' id='word_1_2' title='bbox 215 529 406 610; x_wconf 90' lang='lat' dir='ltr'>aliorumque</span> <span class='ocrx_word' id='word_1_3' title='bbox 440 525 617 590; x_wconf 90' lang='lat' dir='ltr'>testimonia</span> <span class='ocrx_word' id='word_1_4' title='bbox 650 525 701 589; x_wconf 89' lang='lat' dir='ltr'>hic</span> <span class='ocrx_word' id='word_1_5' title='bbox 735 542 915 590; x_wconf 91' lang='lat' dir='ltr'>enumerare</span> <span class='ocrx_word' id='word_1_6' title='bbox 944 526 1124 606; x_wconf 90' lang='lat' dir='ltr'>supersedeo</span> <span class='ocrx_word' id='word_1_7' title='bbox 1138 527 1172 604; x_wconf 84' lang='grc' dir='ltr'>ι).</span> <span class='ocrx_word' id='word_1_8' title='bbox 1211 523 1334 604; x_wconf 83' lang='lat' dir='ltr'>Quanto</span> 
     </span>
     <span class='ocr_line' id='line_1_3' title="bbox 214 626 1334 710; baseline -0.006 -15"><span class='ocrx_word' id='word_1_9' title='bbox 214 630 316 696; x_wconf 84' lang='lat' dir='ltr'>studio</span> <span class='ocrx_word' id='word_1_10' title='bbox 339 648 411 694; x_wconf 91' lang='lat' dir='ltr'>uero</span> <span class='ocrx_word' id='word_1_11' title='bbox 434 628 535 693; x_wconf 78' lang='lat' dir='ltr'>meilio</span> <span class='ocrx_word' id='word_1_12' title='bbox 557 629 637 710; x_wconf 93' lang='lat' dir='ltr'>quod</span> <span class='ocrx_word' id='word_1_13' title='bbox 660 628 767 692; x_wconf 90' lang='lat' dir='ltr'>dicunt</span> <span class='ocrx_word' id='word_1_14' title='bbox 788 645 863 692; x_wconf 89' lang='lat' dir='ltr'>aeno</span> <span class='ocrx_word' id='word_1_15' title='bbox 881 627 1026 693; x_wconf 87' lang='lat' dir='ltr'>Sedulins</span> <span class='ocrx_word' id='word_1_16' title='bbox 1047 627 1206 692; x_wconf 87' lang='lat' dir='ltr'>lectitatus</span> <span class='ocrx_word' id='word_1_17' title='bbox 1230 626 1334 691; x_wconf 88' lang='lat' dir='ltr'>cultus</span> 
     </span>
     <span class='ocr_line' id='line_1_4' title="bbox 213 731 1333 817; baseline -0.004 -19"><span class='ocrx_word' id='word_1_18' title='bbox 213 737 397 817; x_wconf 86' lang='lat' dir='ltr'>propagatus</span> <span class='ocrx_word' id='word_1_19' title='bbox 426 733 468 797; x_wconf 91' lang='lat' dir='ltr'>sit</span> <span class='ocrx_word' id='word_1_20' title='bbox 496 736 617 814; x_wconf 86' lang='lat' dir='ltr'>praeter</span> <span class='ocrx_word' id='word_1_21' title='bbox 646 735 806 796; x_wconf 86' lang='lat' dir='ltr'>auctorum</span> <span class='ocrx_word' id='word_1_22' title='bbox 837 732 1018 796; x_wconf 89' lang='lat' dir='ltr'>testimonia</span> <span class='ocrx_word' id='word_1_23' title='bbox 1040 731 1129 797; x_wconf 90' lang='lat' dir='ltr'>modo</span> <span class='ocrx_word' id='word_1_24' title='bbox 1159 731 1333 795; x_wconf 87' lang='lat' dir='ltr'>memorata</span> 
     </span>
     <span class='ocr_line' id='line_1_5' title="bbox 213 833 1333 921; baseline -0.005 -19"><span class='ocrx_word' id='word_1_25' title='bbox 213 836 344 921; x_wconf 82' lang='lat' dir='ltr'>catalogi</span> <span class='ocrx_word' id='word_1_26' title='bbox 356 835 615 901; x_wconf 74' lang='lat' dir='ltr'>bibliothecarum</span> <span class='ocrx_word' id='word_1_27' title='bbox 625 834 843 916; x_wconf 79' lang='lat' dir='ltr'>antiquissimi,</span> <span class='ocrx_word' id='word_1_28' title='bbox 859 834 912 918; x_wconf 91' lang='lat' dir='ltr'>qui</span> <span class='ocrx_word' id='word_1_29' title='bbox 926 839 1065 898; x_wconf 89' lang='lat' dir='ltr'>nostrum</span> <span class='ocrx_word' id='word_1_30' title='bbox 1077 835 1235 900; x_wconf 90' lang='lat' dir='ltr'>saeculum</span> <span class='ocrx_word' id='word_1_31' title='bbox 1251 833 1333 897; x_wconf 88' lang='lat' dir='ltr'>tule-</span> 
     </span>
     <span class='ocr_line' id='line_1_6' title="bbox 213 936 1334 1021; baseline -0.005 -15"><span class='ocrx_word' id='word_1_32' title='bbox 213 940 286 1006; x_wconf 90' lang='lat' dir='ltr'>runt</span> <span class='ocrx_word' id='word_1_33' title='bbox 309 957 369 1004; x_wconf 93' lang='lat' dir='ltr'>non</span> <span class='ocrx_word' id='word_1_34' title='bbox 392 937 532 1021; x_wconf 56' lang='lat' dir='ltr'>poncii),</span> <span class='ocrx_word' id='word_1_35' title='bbox 555 940 776 1004; x_wconf 89' lang='lat' dir='ltr'>demonstrant.</span> <span class='ocrx_word' id='word_1_36' title='bbox 807 937 890 1002; x_wconf 89' lang='lat' dir='ltr'>Satis</span> <span class='ocrx_word' id='word_1_37' title='bbox 913 956 1062 1019; x_wconf 79' lang='lat' dir='ltr'>superque</span> <span class='ocrx_word' id='word_1_38' title='bbox 1078 956 1113 1000; x_wconf 87' lang='lat' dir='ltr'>er</span> <span class='ocrx_word' id='word_1_39' title='bbox 1133 936 1183 1000; x_wconf 91' lang='lat' dir='ltr'>his</span> <span class='ocrx_word' id='word_1_40' title='bbox 1206 939 1334 1018; x_wconf 90' lang='lat' dir='ltr'>apparet</span> 
     </span>
     <span class='ocr_line' id='line_1_7' title="bbox 214 1037 1334 1123; baseline -0.006 -14"><span class='ocrx_word' id='word_1_41' title='bbox 214 1042 332 1109; x_wconf 88' lang='lat' dir='ltr'>Sedulii</span> <span class='ocrx_word' id='word_1_42' title='bbox 355 1060 455 1123; x_wconf 90' lang='lat' dir='ltr'>opera.</span> <span class='ocrx_word' id='word_1_43' title='bbox 478 1042 600 1122; x_wconf 91' lang='lat' dir='ltr'>poetica</span> <span class='ocrx_word' id='word_1_44' title='bbox 622 1043 794 1123; x_wconf 77' lang='lat' dir='ltr'>praecipue,</span> <span class='ocrx_word' id='word_1_45' title='bbox 819 1041 850 1104; x_wconf 91' lang='lat' dir='ltr'>in</span> <span class='ocrx_word' id='word_1_46' title='bbox 874 1040 1069 1105; x_wconf 78' lang='lat' dir='ltr'>bibliothecis</span> <span class='ocrx_word' id='word_1_47' title='bbox 1084 1039 1196 1104; x_wconf 90' lang='lat' dir='ltr'>Italiae</span> <span class='ocrx_word' id='word_1_48' title='bbox 1212 1037 1334 1103; x_wconf 84' lang='lat' dir='ltr'>Galliae</span> 
     </span>
     <span class='ocr_line' id='line_1_8' title="bbox 213 1141 1334 1228; baseline -0.005 -18"><span class='ocrx_word' id='word_1_49' title='bbox 213 1144 395 1210; x_wconf 86' lang='lat' dir='ltr'>Germaniae</span> <span class='ocrx_word' id='word_1_50' title='bbox 412 1144 546 1228; x_wconf 82' lang='lat' dir='ltr'>Angliae</span> <span class='ocrx_word' id='word_1_51' title='bbox 569 1143 779 1209; x_wconf 81' lang='lat' dir='ltr'>celeberrimis</span> <span class='ocrx_word' id='word_1_52' title='bbox 798 1144 877 1207; x_wconf 89' lang='lat' dir='ltr'>inter</span> <span class='ocrx_word' id='word_1_53' title='bbox 893 1160 985 1224; x_wconf 91' lang='lat' dir='ltr'>opera</span> <span class='ocrx_word' id='word_1_54' title='bbox 999 1142 1222 1226; x_wconf 87' lang='lat' dir='ltr'>pretiosissima</span> <span class='ocrx_word' id='word_1_55' title='bbox 1238 1141 1334 1206; x_wconf 84' lang='lat' dir='ltr'>luisse</span> 
     </span>
     <span class='ocr_line' id='line_1_9' title="bbox 214 1245 1333 1330; baseline -0.004 -18"><span class='ocrx_word' id='word_1_56' title='bbox 214 1249 386 1313; x_wconf 87' lang='lat' dir='ltr'>adseruata.</span> <span class='ocrx_word' id='word_1_57' title='bbox 424 1247 469 1311; x_wconf 82' lang='lat' dir='ltr'>Ea</span> <span class='ocrx_word' id='word_1_58' title='bbox 504 1246 616 1330; x_wconf 89' lang='lat' dir='ltr'>quibus</span> <span class='ocrx_word' id='word_1_59' title='bbox 653 1245 741 1310; x_wconf 89' lang='lat' dir='ltr'>libris</span> <span class='ocrx_word' id='word_1_60' title='bbox 777 1245 997 1328; x_wconf 77' lang='lat' dir='ltr'>manuscriptis</span> <span class='ocrx_word' id='word_1_61' title='bbox 1033 1246 1126 1310; x_wconf 88' lang='lat' dir='ltr'>multi</span> <span class='ocrx_word' id='word_1_62' title='bbox 1163 1246 1333 1328; x_wconf 87' lang='lat' dir='ltr'>perierunt,</span> 
     </span>
     <span class='ocr_line' id='line_1_10' title="bbox 214 1346 1333 1416; baseline -0.006 0"><span class='ocrx_word' id='word_1_63' title='bbox 214 1351 308 1416; x_wconf 92' lang='lat' dir='ltr'>multi</span> <span class='ocrx_word' id='word_1_64' title='bbox 330 1350 431 1415; x_wconf 91' lang='lat' dir='ltr'>adhuc</span> <span class='ocrx_word' id='word_1_65' title='bbox 453 1351 583 1414; x_wconf 81' lang='lat' dir='ltr'>exstant.</span> <span class='ocrx_word' id='word_1_66' title='bbox 616 1350 654 1414; x_wconf 95' lang='lat' dir='ltr'>In</span> <span class='ocrx_word' id='word_1_67' title='bbox 678 1353 766 1414; x_wconf 91' lang='lat' dir='ltr'>tanta</span> <span class='ocrx_word' id='word_1_68' title='bbox 789 1349 929 1414; x_wconf 87' lang='lat' dir='ltr'>codicum</span> <span class='ocrx_word' id='word_1_69' title='bbox 944 1348 1145 1413; x_wconf 87' lang='lat' dir='ltr'>multitudine</span> <span class='ocrx_word' id='word_1_70' title='bbox 1160 1348 1198 1411; x_wconf 92' lang='lat' dir='ltr'>ad</span> <span class='ocrx_word' id='word_1_71' title='bbox 1215 1346 1333 1412; x_wconf 87' lang='lat' dir='ltr'>Sedulii</span> 
     </span>
     <span class='ocr_line' id='line_1_11' title="bbox 216 1451 1220 1538; baseline -0.003 -21"><span class='ocrx_word' id='word_1_72' title='bbox 216 1472 307 1538; x_wconf 91' lang='lat' dir='ltr'>opera</span> <span class='ocrx_word' id='word_1_73' title='bbox 330 1453 511 1519; x_wconf 88' lang='lat' dir='ltr'>recensenda</span> <span class='ocrx_word' id='word_1_74' title='bbox 533 1452 739 1536; x_wconf 83' lang='lat' dir='ltr'>antiquissimi</span> <span class='ocrx_word' id='word_1_75' title='bbox 763 1455 794 1516; x_wconf 89' lang='lat' dir='ltr'>et</span> <span class='ocrx_word' id='word_1_76' title='bbox 816 1453 927 1534; x_wconf 91' lang='lat' dir='ltr'>optimi</span> <span class='ocrx_word' id='word_1_77' title='bbox 948 1453 981 1515; x_wconf 91' lang='lat' dir='ltr'>hi</span> <span class='ocrx_word' id='word_1_78' title='bbox 1004 1453 1076 1517; x_wconf 92' lang='lat' dir='ltr'>sunt</span> <span class='ocrx_word' id='word_1_79' title='bbox 1098 1451 1220 1517; x_wconf 88' lang='lat' dir='ltr'>selecti:</span> 
     </span>
    </p>
   </div>
   <div class='ocr_carea' id='block_1_3' title="bbox 167 1587 1335 2394">
    <p class='ocr_par' dir='ltr' id='par_1_3' title="bbox 167 1587 1335 2394">
     <span class='ocr_line' id='line_1_12' title="bbox 167 1587 1334 1670; baseline 0 -18"><span class='ocrx_word' id='word_1_80' title='bbox 167 1587 203 1652; x_wconf 88' lang='grc' dir='ltr'>Μ</span> <span class='ocrx_word' id='word_1_81' title='bbox 259 1589 356 1656; x_wconf 85' lang='lat' dir='ltr'>Codex</span> <span class='ocrx_word' id='word_1_82' title='bbox 389 1589 672 1656; x_wconf 80' lang='lat' dir='ltr'>Ambrosianus</span> <span class='ocrx_word' id='word_1_83' title='bbox 698 1589 735 1655; x_wconf 90' lang='lat' dir='ltr'>R.</span> <span class='ocrx_word' id='word_1_84' title='bbox 758 1588 798 1652; x_wconf 87' lang='grc'>57</span> <span class='ocrx_word' id='word_1_85' title='bbox 823 1587 914 1670; x_wconf 85' lang='lat' dir='ltr'>Sap..</span> <span class='ocrx_word' id='word_1_86' title='bbox 930 1587 1182 1654; x_wconf 90' lang='lat' dir='ltr'>membranaceus</span> <span class='ocrx_word' id='word_1_87' title='bbox 1215 1587 1334 1653; x_wconf 87' lang='lat' dir='ltr'>formae</span> 
     </span>
     <span class='ocr_line' id='line_1_13' title="bbox 214 1691 1333 1774; baseline -0.003 -17"><span class='ocrx_word' id='word_1_88' title='bbox 214 1695 340 1759; x_wconf 80' lang='lat' dir='ltr'>octauam</span> <span class='ocrx_word' id='word_1_89' title='bbox 362 1692 589 1773; x_wconf 89' lang='lat' dir='ltr'>palimpsestus,</span> <span class='ocrx_word' id='word_1_90' title='bbox 613 1711 648 1757; x_wconf 85' lang='lat' dir='ltr'>ex</span> <span class='ocrx_word' id='word_1_91' title='bbox 664 1710 723 1774; x_wconf 94' lang='lat' dir='ltr'>quo</span> <span class='ocrx_word' id='word_1_92' title='bbox 739 1692 878 1774; x_wconf 84' lang='lat' dir='ltr'>Angelus</span> <span class='ocrx_word' id='word_1_93' title='bbox 894 1692 997 1756; x_wconf 88' lang='lat' dir='ltr'>Maius</span> <span class='ocrx_word' id='word_1_94' title='bbox 1019 1693 1138 1773; x_wconf 92' lang='lat' dir='ltr'>primus</span> <span class='ocrx_word' id='word_1_95' title='bbox 1160 1691 1244 1756; x_wconf 92' lang='lat' dir='ltr'>eruit</span> <span class='ocrx_word' id='word_1_96' title='bbox 1266 1691 1333 1756; x_wconf 88' lang='lat' dir='ltr'>edi·</span> 
     </span>
     <span class='ocr_line' id='line_1_14' title="bbox 214 1793 1334 1879; baseline -0.003 -19"><span class='ocrx_word' id='word_1_97' title='bbox 214 1799 320 1879; x_wconf 72' lang='lat' dir='ltr'>(litque</span> <span class='ocrx_word' id='word_1_98' title='bbox 343 1797 518 1879; x_wconf 84' lang='lat' dir='ltr'>fragmenta</span> <span class='ocrx_word' id='word_1_99' title='bbox 540 1795 711 1859; x_wconf 90' lang='lat' dir='ltr'>orationum</span> <span class='ocrx_word' id='word_1_100' title='bbox 734 1813 790 1877; x_wconf 90' lang='lat' dir='ltr'>pro</span> <span class='ocrx_word' id='word_1_101' title='bbox 813 1793 927 1858; x_wconf 85' lang='lat' dir='ltr'>Scauro</span> <span class='ocrx_word' id='word_1_102' title='bbox 949 1794 1051 1858; x_wconf 82' lang='lat' dir='ltr'>Tullio</span> <span class='ocrx_word' id='word_1_103' title='bbox 1068 1794 1185 1868; x_wconf 84' lang='lat' dir='ltr'>Flacco,</span> <span class='ocrx_word' id='word_1_104' title='bbox 1209 1794 1334 1859; x_wconf 87' lang='lat' dir='ltr'>saeculo</span> 
     </span>
     <span class='ocr_line' id='line_1_15' title="bbox 214 1897 1334 1982; baseline -0.002 -19"><span class='ocrx_word' id='word_1_105' title='bbox 214 1901 346 1982; x_wconf 89' lang='lat' dir='ltr'>septimo</span> <span class='ocrx_word' id='word_1_106' title='bbox 368 1900 497 1963; x_wconf 82' lang='lat' dir='ltr'>exeunte</span> <span class='ocrx_word' id='word_1_107' title='bbox 520 1899 637 1963; x_wconf 90' lang='lat' dir='ltr'>litteris</span> <span class='ocrx_word' id='word_1_108' title='bbox 659 1898 832 1963; x_wconf 83' lang='lat' dir='ltr'>uncialibus</span> <span class='ocrx_word' id='word_1_109' title='bbox 853 1899 987 1978; x_wconf 90' lang='lat' dir='ltr'>scriptus</span> <span class='ocrx_word' id='word_1_110' title='bbox 1007 1897 1057 1977; x_wconf 81' lang='lat' dir='ltr'>(ol.</span> <span class='ocrx_word' id='word_1_111' title='bbox 1073 1899 1112 1962; x_wconf 85' lang='lat' dir='ltr'>A.</span> <span class='ocrx_word' id='word_1_112' title='bbox 1129 1897 1259 1980; x_wconf 76' lang='lat' dir='ltr'>Peyron,</span> <span class='ocrx_word' id='word_1_113' title='bbox 1282 1897 1334 1961; x_wconf 83' lang='lat' dir='ltr'>M.</span> 
     </span>
     <span class='ocr_line' id='line_1_16' title="bbox 215 1999 1334 2083; baseline -0.003 -17"><span class='ocrx_word' id='word_1_114' title='bbox 215 2002 252 2066; x_wconf 81' lang='grc' dir='ltr'>Τ.</span> <span class='ocrx_word' id='word_1_115' title='bbox 276 2001 434 2068; x_wconf 80' lang='lat' dir='ltr'>Ciceronis</span> <span class='ocrx_word' id='word_1_116' title='bbox 453 2019 512 2081; x_wconf 83' lang='lat' dir='ltr'>pro</span> <span class='ocrx_word' id='word_1_117' title='bbox 535 2000 656 2066; x_wconf 77' lang='lat' dir='ltr'>Scauro</span> <span class='ocrx_word' id='word_1_118' title='bbox 671 2005 728 2065; x_wconf 89' lang='lat' dir='ltr'>etc.</span> <span class='ocrx_word' id='word_1_119' title='bbox 753 2021 782 2083; x_wconf 92' lang='lat' dir='ltr'>p.</span> <span class='ocrx_word' id='word_1_120' title='bbox 799 2001 862 2064; x_wconf 94' lang='grc'>216</span> <span class='ocrx_word' id='word_1_121' title='bbox 876 2018 921 2082; x_wconf 87' lang='lat' dir='ltr'>sq.</span> <span class='ocrx_word' id='word_1_122' title='bbox 945 2003 975 2064; x_wconf 90' lang='lat' dir='ltr'>et</span> <span class='ocrx_word' id='word_1_123' title='bbox 998 1999 1215 2065; x_wconf 84' lang='lat' dir='ltr'>Reifferscheid</span> <span class='ocrx_word' id='word_1_124' title='bbox 1237 2002 1273 2065; x_wconf 90' lang='lat' dir='ltr'>B.</span> <span class='ocrx_word' id='word_1_125' title='bbox 1297 2001 1334 2065; x_wconf 92' lang='grc' dir='ltr'>Ρ.</span> 
     </span>
     <span class='ocr_line' id='line_1_17' title="bbox 213 2103 1334 2187; baseline -0.002 -19"><span class='ocrx_word' id='word_1_126' title='bbox 213 2104 248 2168; x_wconf 86' lang='lat' dir='ltr'>L.</span> <span class='ocrx_word' id='word_1_127' title='bbox 272 2104 304 2167; x_wconf 92' lang='grc' dir='ltr'>ΙΙ</span> <span class='ocrx_word' id='word_1_128' title='bbox 328 2123 356 2186; x_wconf 92' lang='lat' dir='ltr'>p.</span> <span class='ocrx_word' id='word_1_129' title='bbox 374 2103 438 2184; x_wconf 86' lang='lat'>87).</span> <span class='ocrx_word' id='word_1_130' title='bbox 474 2103 566 2167; x_wconf 89' lang='lat' dir='ltr'>Liber</span> <span class='ocrx_word' id='word_1_131' title='bbox 592 2104 668 2185; x_wconf 91' lang='lat' dir='ltr'>(sine</span> <span class='ocrx_word' id='word_1_132' title='bbox 684 2103 838 2184; x_wconf 86' lang='lat' dir='ltr'>scedulae)</span> <span class='ocrx_word' id='word_1_133' title='bbox 864 2103 1114 2187; x_wconf 79' lang='lat' dir='ltr'>quaternionibus</span> <span class='ocrx_word' id='word_1_134' title='bbox 1137 2103 1236 2167; x_wconf 89' lang='lat' dir='ltr'>tribus</span> <span class='ocrx_word' id='word_1_135' title='bbox 1260 2120 1334 2167; x_wconf 92' lang='lat' dir='ltr'>eon·</span> 
     </span>
     <span class='ocr_line' id='line_1_18' title="bbox 214 2205 1335 2291; baseline -0.002 -20"><span class='ocrx_word' id='word_1_136' title='bbox 214 2208 278 2271; x_wconf 91' lang='lat' dir='ltr'>etat</span> <span class='ocrx_word' id='word_1_137' title='bbox 309 2207 451 2271; x_wconf 87' lang='lat' dir='ltr'>foliorum</span> <span class='ocrx_word' id='word_1_138' title='bbox 485 2206 543 2282; x_wconf 96' lang='grc'>23,</span> <span class='ocrx_word' id='word_1_139' title='bbox 583 2224 728 2270; x_wconf 90' lang='lat' dir='ltr'>uersuum</span> <span class='ocrx_word' id='word_1_140' title='bbox 763 2207 795 2270; x_wconf 94' lang='lat' dir='ltr'>in</span> <span class='ocrx_word' id='word_1_141' title='bbox 829 2205 961 2289; x_wconf 84' lang='lat' dir='ltr'>singulis</span> <span class='ocrx_word' id='word_1_142' title='bbox 995 2206 1117 2291; x_wconf 85' lang='lat' dir='ltr'>paginis</span> <span class='ocrx_word' id='word_1_143' title='bbox 1150 2208 1335 2288; x_wconf 81' lang='lat' dir='ltr'>plerumque</span> 
     </span>
     <span class='ocr_line' id='line_1_19' title="bbox 213 2308 1334 2394; baseline 0 -22"><span class='ocrx_word' id='word_1_144' title='bbox 213 2311 407 2374; x_wconf 87' lang='lat' dir='ltr'>terdonorum</span> <span class='ocrx_word' id='word_1_145' title='bbox 437 2308 666 2391; x_wconf 91' lang='lat' dir='ltr'>bipartitorum.</span> <span class='ocrx_word' id='word_1_146' title='bbox 700 2309 787 2373; x_wconf 87' lang='lat' dir='ltr'>Folio</span> <span class='ocrx_word' id='word_1_147' title='bbox 816 2310 915 2391; x_wconf 89' lang='lat' dir='ltr'>primo</span> <span class='ocrx_word' id='word_1_148' title='bbox 939 2309 1178 2394; x_wconf 89' lang='lat' dir='ltr'>superscriptum</span> <span class='ocrx_word' id='word_1_149' title='bbox 1200 2309 1334 2392; x_wconf 85' lang='lat' dir='ltr'>legitur:</span> 
     </span>
    </p>
   </div>
   <div class='ocr_carea' id='block_1_4' title="bbox 209 2414 1336 3856">
    <p class='ocr_par' dir='ltr' id='par_1_4' title="bbox 209 2414 1336 3856">
     <span class='ocr_line' id='line_1_20' title="bbox 211 2414 1333 2514; baseline 0.004 -24"><span class='ocrx_word' id='word_1_150' title='bbox 211 2430 278 2492; x_wconf 82' lang='grc'>142</span> <span class='ocrx_word' id='word_1_151' title='bbox 300 2427 396 2492; x_wconf 79' lang='lat' dir='ltr'>Liber</span> <span class='ocrx_word' id='word_1_152' title='bbox 417 2414 466 2492; x_wconf 64' lang='grc' dir='ltr'>εᾶ</span> <span class='ocrx_word' id='word_1_153' title='bbox 486 2427 647 2492; x_wconf 83' lang='lat' dir='ltr'>colomani</span> <span class='ocrx_word' id='word_1_154' title='bbox 668 2428 706 2492; x_wconf 83' lang='lat' dir='ltr'>dc</span> <span class='ocrx_word' id='word_1_155' title='bbox 727 2428 825 2495; x_wconf 87' lang='lat' dir='ltr'>bobio.</span> <span class='ocrx_word' id='word_1_156' title='bbox 860 2430 974 2512; x_wconf 88' lang='lat' dir='ltr'>Incipit</span> <span class='ocrx_word' id='word_1_157' title='bbox 996 2449 1013 2494; x_wconf 92' lang='lat' dir='ltr'>a</span> <span class='ocrx_word' id='word_1_158' title='bbox 1036 2451 1066 2496; x_wconf 90' lang='lat' dir='ltr'>u.</span> <span class='ocrx_word' id='word_1_159' title='bbox 1088 2431 1133 2495; x_wconf 90' lang='lat' dir='ltr'>IV</span> <span class='ocrx_word' id='word_1_160' title='bbox 1158 2431 1228 2514; x_wconf 90' lang='grc'>128,</span> <span class='ocrx_word' id='word_1_161' title='bbox 1252 2430 1333 2495; x_wconf 93' lang='lat' dir='ltr'>desi-</span> 
     </span>
     <span class='ocr_line' id='line_1_21' title="bbox 212 2531 1334 2616; baseline 0.001 -21"><span class='ocrx_word' id='word_1_162' title='bbox 212 2533 258 2595; x_wconf 91' lang='lat' dir='ltr'>nit</span> <span class='ocrx_word' id='word_1_163' title='bbox 281 2533 312 2596; x_wconf 91' lang='lat' dir='ltr'>in</span> <span class='ocrx_word' id='word_1_164' title='bbox 335 2550 364 2596; x_wconf 93' lang='lat' dir='ltr'>u.</span> <span class='ocrx_word' id='word_1_165' title='bbox 391 2531 513 2604; x_wconf 78' lang='grc'>7438,</span> <span class='ocrx_word' id='word_1_166' title='bbox 547 2551 597 2596; x_wconf 85' lang='lat' dir='ltr'>sex</span> <span class='ocrx_word' id='word_1_167' title='bbox 630 2534 746 2614; x_wconf 88' lang='lat' dir='ltr'>priores</span> <span class='ocrx_word' id='word_1_168' title='bbox 780 2533 863 2598; x_wconf 91' lang='lat' dir='ltr'>enim</span> <span class='ocrx_word' id='word_1_169' title='bbox 893 2535 1105 2616; x_wconf 86' lang='lat' dir='ltr'>quaterniones</span> <span class='ocrx_word' id='word_1_170' title='bbox 1138 2532 1334 2598; x_wconf 90' lang='lat' dir='ltr'>interierunt.</span> 
     </span>
     <span class='ocr_line' id='line_1_22' title="bbox 211 2633 1336 2718; baseline 0.004 -22"><span class='ocrx_word' id='word_1_171' title='bbox 211 2633 246 2698; x_wconf 94' lang='lat' dir='ltr'>ln</span> <span class='ocrx_word' id='word_1_172' title='bbox 274 2633 335 2698; x_wconf 90' lang='lat' dir='ltr'>fine</span> <span class='ocrx_word' id='word_1_173' title='bbox 365 2634 602 2718; x_wconf 87' lang='lat' dir='ltr'>uniuscuiusque</span> <span class='ocrx_word' id='word_1_174' title='bbox 631 2636 694 2700; x_wconf 84' lang='lat' dir='ltr'>lere</span> <span class='ocrx_word' id='word_1_175' title='bbox 723 2636 791 2701; x_wconf 88' lang='lat' dir='ltr'>folii</span> <span class='ocrx_word' id='word_1_176' title='bbox 819 2637 920 2701; x_wconf 87' lang='lat' dir='ltr'>scriba</span> <span class='ocrx_word' id='word_1_177' title='bbox 942 2636 1056 2701; x_wconf 87' lang='lat' dir='ltr'>litteris</span> <span class='ocrx_word' id='word_1_178' title='bbox 1079 2636 1336 2702; x_wconf 86' lang='lat' dir='ltr'>semiuncialibus</span> 
     </span>
     <span class='ocr_line' id='line_1_23' title="bbox 212 2737 1334 2829; baseline 0.004 -30"><span class='ocrx_word' id='word_1_179' title='bbox 212 2737 368 2807; x_wconf 90' lang='lat' dir='ltr'>utebatur.</span> <span class='ocrx_word' id='word_1_180' title='bbox 393 2737 428 2800; x_wconf 91' lang='lat' dir='ltr'>ut</span> <span class='ocrx_word' id='word_1_181' title='bbox 449 2737 481 2801; x_wconf 90' lang='lat' dir='ltr'>in</span> <span class='ocrx_word' id='word_1_182' title='bbox 504 2739 606 2819; x_wconf 89' lang='lat' dir='ltr'>spatio</span> <span class='ocrx_word' id='word_1_183' title='bbox 621 2741 757 2829; x_wconf 88' lang='lat' dir='ltr'>coartato</span> <span class='ocrx_word' id='word_1_184' title='bbox 780 2739 919 2821; x_wconf 81' lang='lat' dir='ltr'>singulos</span> <span class='ocrx_word' id='word_1_185' title='bbox 940 2741 992 2805; x_wconf 91' lang='lat' dir='ltr'>uel</span> <span class='ocrx_word' id='word_1_186' title='bbox 1015 2740 1101 2806; x_wconf 90' lang='lat' dir='ltr'>binos</span> <span class='ocrx_word' id='word_1_187' title='bbox 1125 2761 1231 2806; x_wconf 90' lang='lat' dir='ltr'>uersus</span> <span class='ocrx_word' id='word_1_188' title='bbox 1254 2741 1334 2806; x_wconf 89' lang='lat' dir='ltr'>scri·</span> 
     </span>
     <span class='ocr_line' id='line_1_24' title="bbox 211 2841 1332 2926; baseline 0.006 -24"><span class='ocrx_word' id='word_1_189' title='bbox 211 2842 302 2920; x_wconf 88' lang='lat' dir='ltr'>ptura</span> <span class='ocrx_word' id='word_1_190' title='bbox 324 2841 470 2905; x_wconf 90' lang='lat' dir='ltr'>continua</span> <span class='ocrx_word' id='word_1_191' title='bbox 495 2842 674 2926; x_wconf 85' lang='lat' dir='ltr'>conficeret;</span> <span class='ocrx_word' id='word_1_192' title='bbox 709 2847 781 2908; x_wconf 88' lang='lat' dir='ltr'>sunt</span> <span class='ocrx_word' id='word_1_193' title='bbox 808 2847 913 2908; x_wconf 93' lang='lat' dir='ltr'>autem</span> <span class='ocrx_word' id='word_1_194' title='bbox 940 2845 987 2908; x_wconf 91' lang='lat' dir='ltr'>his</span> <span class='ocrx_word' id='word_1_195' title='bbox 1010 2842 1126 2908; x_wconf 90' lang='lat' dir='ltr'>litteris</span> <span class='ocrx_word' id='word_1_196' title='bbox 1151 2845 1256 2926; x_wconf 89' lang='lat' dir='ltr'>scripti</span> <span class='ocrx_word' id='word_1_197' title='bbox 1279 2865 1332 2910; x_wconf 91' lang='lat' dir='ltr'>nu.</span> 
     </span>
     <span class='ocr_line' id='line_1_25' title="bbox 211 2942 1334 3025; baseline 0.008 -21"><span class='ocrx_word' id='word_1_198' title='bbox 211 2942 255 3005; x_wconf 88' lang='lat' dir='ltr'>lV</span> <span class='ocrx_word' id='word_1_199' title='bbox 280 2944 351 3018; x_wconf 88' lang='grc'>140,</span> <span class='ocrx_word' id='word_1_200' title='bbox 383 2944 454 3018; x_wconf 87' lang='grc'>141,</span> <span class='ocrx_word' id='word_1_201' title='bbox 488 2943 558 3019; x_wconf 90' lang='grc'>154,</span> <span class='ocrx_word' id='word_1_202' title='bbox 591 2946 661 3021; x_wconf 92' lang='grc'>155,</span> <span class='ocrx_word' id='word_1_203' title='bbox 687 2946 757 3020; x_wconf 93' lang='grc'>168,</span> <span class='ocrx_word' id='word_1_204' title='bbox 783 2947 853 3023; x_wconf 87' lang='grc'>169,</span> <span class='ocrx_word' id='word_1_205' title='bbox 879 2947 949 3025; x_wconf 87' lang='grc'>196,</span> <span class='ocrx_word' id='word_1_206' title='bbox 973 2948 1045 3024; x_wconf 90' lang='grc'>211,</span> <span class='ocrx_word' id='word_1_207' title='bbox 1068 2947 1140 3023; x_wconf 93' lang='grc'>224,</span> <span class='ocrx_word' id='word_1_208' title='bbox 1163 2949 1234 3025; x_wconf 89' lang='grc'>263,</span> <span class='ocrx_word' id='word_1_209' title='bbox 1259 2949 1334 3023; x_wconf 89' lang='grc'>264,</span> 
     </span>
     <span class='ocr_line' id='line_1_26' title="bbox 211 3044 1333 3133; baseline 0.01 -26"><span class='ocrx_word' id='word_1_210' title='bbox 211 3045 282 3126; x_wconf 88' lang='grc'>277,</span> <span class='ocrx_word' id='word_1_211' title='bbox 306 3045 381 3126; x_wconf 91' lang='grc'>278,</span> <span class='ocrx_word' id='word_1_212' title='bbox 404 3045 477 3122; x_wconf 87' lang='grc'>304,</span> <span class='ocrx_word' id='word_1_213' title='bbox 500 3044 572 3110; x_wconf 87' lang='grc'>305.</span> <span class='ocrx_word' id='word_1_214' title='bbox 598 3047 624 3110; x_wconf 89' lang='lat' dir='ltr'>V</span> <span class='ocrx_word' id='word_1_215' title='bbox 648 3047 699 3126; x_wconf 90' lang='grc'>38,</span> <span class='ocrx_word' id='word_1_216' title='bbox 722 3048 772 3127; x_wconf 88' lang='grc'>39,</span> <span class='ocrx_word' id='word_1_217' title='bbox 796 3048 847 3124; x_wconf 92' lang='grc'>66,</span> <span class='ocrx_word' id='word_1_218' title='bbox 871 3049 921 3126; x_wconf 92' lang='grc'>67,</span> <span class='ocrx_word' id='word_1_219' title='bbox 946 3049 997 3133; x_wconf 91' lang='grc'>80,</span> <span class='ocrx_word' id='word_1_220' title='bbox 1015 3050 1066 3128; x_wconf 89' lang='grc'>81,</span> <span class='ocrx_word' id='word_1_221' title='bbox 1084 3051 1153 3126; x_wconf 92' lang='grc'>121,</span> <span class='ocrx_word' id='word_1_222' title='bbox 1173 3050 1242 3131; x_wconf 89' lang='grc'>122,</span> <span class='ocrx_word' id='word_1_223' title='bbox 1260 3053 1333 3123; x_wconf 89' lang='grc'>135,</span> 
     </span>
     <span class='ocr_line' id='line_1_27' title="bbox 212 3147 1332 3234; baseline 0.01 -25"><span class='ocrx_word' id='word_1_224' title='bbox 212 3147 380 3229; x_wconf 74' lang='grc'>136149,</span> <span class='ocrx_word' id='word_1_225' title='bbox 407 3150 477 3223; x_wconf 92' lang='grc'>150,</span> <span class='ocrx_word' id='word_1_226' title='bbox 504 3150 573 3227; x_wconf 88' lang='grc'>163,</span> <span class='ocrx_word' id='word_1_227' title='bbox 601 3151 767 3229; x_wconf 88' lang='grc'>164,178,</span> <span class='ocrx_word' id='word_1_228' title='bbox 793 3152 864 3228; x_wconf 92' lang='grc'>179,</span> <span class='ocrx_word' id='word_1_229' title='bbox 890 3152 958 3229; x_wconf 90' lang='grc'>192,</span> <span class='ocrx_word' id='word_1_230' title='bbox 984 3152 1054 3230; x_wconf 89' lang='grc'>193,</span> <span class='ocrx_word' id='word_1_231' title='bbox 1078 3152 1150 3234; x_wconf 89' lang='grc'>248,</span> <span class='ocrx_word' id='word_1_232' title='bbox 1168 3156 1241 3233; x_wconf 89' lang='grc'>249,</span> <span class='ocrx_word' id='word_1_233' title='bbox 1259 3157 1332 3229; x_wconf 88' lang='grc'>250,</span> 
     </span>
     <span class='ocr_line' id='line_1_28' title="bbox 210 3249 1332 3341; baseline 0.011 -29"><span class='ocrx_word' id='word_1_234' title='bbox 210 3249 282 3325; x_wconf 90' lang='grc'>277,</span> <span class='ocrx_word' id='word_1_235' title='bbox 305 3249 379 3327; x_wconf 93' lang='grc'>278,</span> <span class='ocrx_word' id='word_1_236' title='bbox 403 3252 474 3330; x_wconf 87' lang='grc'>303,</span> <span class='ocrx_word' id='word_1_237' title='bbox 499 3253 571 3327; x_wconf 89' lang='grc'>304,</span> <span class='ocrx_word' id='word_1_238' title='bbox 594 3254 666 3332; x_wconf 89' lang='grc'>317,</span> <span class='ocrx_word' id='word_1_239' title='bbox 690 3255 761 3332; x_wconf 89' lang='grc'>318,</span> <span class='ocrx_word' id='word_1_240' title='bbox 785 3255 856 3334; x_wconf 87' lang='grc'>331,</span> <span class='ocrx_word' id='word_1_241' title='bbox 881 3258 953 3333; x_wconf 88' lang='grc'>332,</span> <span class='ocrx_word' id='word_1_242' title='bbox 976 3255 1049 3341; x_wconf 89' lang='grc'>347,</span> <span class='ocrx_word' id='word_1_243' title='bbox 1072 3255 1144 3334; x_wconf 89' lang='grc'>348,</span> <span class='ocrx_word' id='word_1_244' title='bbox 1162 3259 1233 3337; x_wconf 89' lang='grc'>361,</span> <span class='ocrx_word' id='word_1_245' title='bbox 1257 3259 1332 3336; x_wconf 90' lang='grc'>362,</span> 
     </span>
     <span class='ocr_line' id='line_1_29' title="bbox 210 3350 1334 3437; baseline 0.012 -23"><span class='ocrx_word' id='word_1_246' title='bbox 210 3350 282 3432; x_wconf 91' lang='grc'>375,</span> <span class='ocrx_word' id='word_1_247' title='bbox 306 3353 378 3430; x_wconf 88' lang='grc'>376,</span> <span class='ocrx_word' id='word_1_248' title='bbox 403 3354 473 3431; x_wconf 88' lang='grc'>389,</span> <span class='ocrx_word' id='word_1_249' title='bbox 498 3355 570 3437; x_wconf 90' lang='grc'>390,</span> <span class='ocrx_word' id='word_1_250' title='bbox 589 3356 661 3435; x_wconf 90' lang='grc'>403,</span> <span class='ocrx_word' id='word_1_251' title='bbox 678 3358 751 3433; x_wconf 88' lang='grc'>404,</span> <span class='ocrx_word' id='word_1_252' title='bbox 767 3358 840 3433; x_wconf 87' lang='grc'>417,</span> <span class='ocrx_word' id='word_1_253' title='bbox 856 3359 928 3424; x_wconf 91' lang='grc'>418.</span> <span class='ocrx_word' id='word_1_254' title='bbox 960 3360 1047 3425; x_wconf 82' lang='lat' dir='ltr'>Folia</span> <span class='ocrx_word' id='word_1_255' title='bbox 1068 3361 1119 3426; x_wconf 88' lang='lat' dir='ltr'>hic</span> <span class='ocrx_word' id='word_1_256' title='bbox 1142 3361 1210 3427; x_wconf 92' lang='lat' dir='ltr'>illic</span> <span class='ocrx_word' id='word_1_257' title='bbox 1232 3361 1334 3428; x_wconf 90' lang='lat' dir='ltr'>lacera</span> 
     </span>
     <span class='ocr_line' id='line_1_30' title="bbox 210 3453 1333 3542; baseline 0.011 -24"><span class='ocrx_word' id='word_1_258' title='bbox 210 3456 242 3518; x_wconf 90' lang='lat' dir='ltr'>et</span> <span class='ocrx_word' id='word_1_259' title='bbox 264 3472 283 3519; x_wconf 85' lang='lat' dir='ltr'>a</span> <span class='ocrx_word' id='word_1_260' title='bbox 305 3453 496 3521; x_wconf 73' lang='lat' dir='ltr'>ciceroniani</span> <span class='ocrx_word' id='word_1_261' title='bbox 520 3458 686 3542; x_wconf 85' lang='lat' dir='ltr'>fragmenti</span> <span class='ocrx_word' id='word_1_262' title='bbox 708 3462 876 3527; x_wconf 84' lang='lat' dir='ltr'>editoribus</span> <span class='ocrx_word' id='word_1_263' title='bbox 898 3463 979 3526; x_wconf 89' lang='lat' dir='ltr'>male</span> <span class='ocrx_word' id='word_1_264' title='bbox 994 3464 1040 3527; x_wconf 88' lang='lat' dir='ltr'>uti</span> <span class='ocrx_word' id='word_1_265' title='bbox 1057 3465 1183 3528; x_wconf 89' lang='lat' dir='ltr'>uidetur</span> <span class='ocrx_word' id='word_1_266' title='bbox 1198 3468 1333 3531; x_wconf 87' lang='lat' dir='ltr'>tractata</span> 
     </span>
     <span class='ocr_line' id='line_1_31' title="bbox 210 3560 1333 3650; baseline 0.008 -29"><span class='ocrx_word' id='word_1_267' title='bbox 210 3560 395 3639; x_wconf 89' lang='lat' dir='ltr'>scripturam</span> <span class='ocrx_word' id='word_1_268' title='bbox 425 3560 574 3642; x_wconf 88' lang='lat' dir='ltr'>praebent</span> <span class='ocrx_word' id='word_1_269' title='bbox 603 3566 718 3643; x_wconf 85' lang='lat' dir='ltr'>partim</span> <span class='ocrx_word' id='word_1_270' title='bbox 745 3564 947 3646; x_wconf 89' lang='lat' dir='ltr'>deprauatam</span> <span class='ocrx_word' id='word_1_271' title='bbox 969 3567 1084 3647; x_wconf 83' lang='lat' dir='ltr'>partim</span> <span class='ocrx_word' id='word_1_272' title='bbox 1108 3567 1272 3650; x_wconf 90' lang='lat' dir='ltr'>minutam,</span> <span class='ocrx_word' id='word_1_273' title='bbox 1296 3572 1333 3633; x_wconf 90' lang='lat' dir='ltr'>nt</span> 
     </span>
     <span class='ocr_line' id='line_1_32' title="bbox 211 3660 1330 3753; baseline 0.009 -30"><span class='ocrx_word' id='word_1_274' title='bbox 211 3660 302 3724; x_wconf 88' lang='lat' dir='ltr'>certis</span> <span class='ocrx_word' id='word_1_275' title='bbox 326 3664 509 3744; x_wconf 81' lang='lat' dir='ltr'>quibusdam</span> <span class='ocrx_word' id='word_1_276' title='bbox 533 3664 611 3729; x_wconf 92' lang='lat' dir='ltr'>locis</span> <span class='ocrx_word' id='word_1_277' title='bbox 634 3665 713 3731; x_wconf 90' lang='lat' dir='ltr'>nihil</span> <span class='ocrx_word' id='word_1_278' title='bbox 730 3667 790 3732; x_wconf 93' lang='lat' dir='ltr'>nisi</span> <span class='ocrx_word' id='word_1_279' title='bbox 810 3667 987 3732; x_wconf 90' lang='lat' dir='ltr'>litterarum</span> <span class='ocrx_word' id='word_1_280' title='bbox 1003 3670 1136 3752; x_wconf 85' lang='lat' dir='ltr'>uestigia</span> <span class='ocrx_word' id='word_1_281' title='bbox 1151 3677 1330 3753; x_wconf 85' lang='lat' dir='ltr'>appareant.</span> 
     </span>
     <span class='ocr_line' id='line_1_33' title="bbox 209 3760 1331 3856; baseline 0.007 -28"><span class='ocrx_word' id='word_1_282' title='bbox 209 3760 352 3830; x_wconf 81' lang='lat' dir='ltr'>Ceterum</span> <span class='ocrx_word' id='word_1_283' title='bbox 383 3766 445 3830; x_wconf 89' lang='lat' dir='ltr'>iam</span> <span class='ocrx_word' id='word_1_284' title='bbox 478 3768 563 3849; x_wconf 90' lang='lat' dir='ltr'>prius</span> <span class='ocrx_word' id='word_1_285' title='bbox 594 3768 716 3852; x_wconf 91' lang='lat' dir='ltr'>ineptus</span> <span class='ocrx_word' id='word_1_286' title='bbox 739 3771 865 3853; x_wconf 89' lang='lat' dir='ltr'>quidam</span> <span class='ocrx_word' id='word_1_287' title='bbox 888 3772 1002 3836; x_wconf 92' lang='lat' dir='ltr'>sciolus</span> <span class='ocrx_word' id='word_1_288' title='bbox 1024 3772 1098 3838; x_wconf 88' lang='lat' dir='ltr'>folia</span> <span class='ocrx_word' id='word_1_289' title='bbox 1119 3773 1259 3856; x_wconf 82' lang='lat' dir='ltr'>margine</span> <span class='ocrx_word' id='word_1_290' title='bbox 1282 3773 1331 3836; x_wconf 92' lang='lat' dir='ltr'>in-</span> 
     </span>
    </p>
   </div>
   <div class='ocr_carea' id='block_1_5' title="bbox 311 4003 882 4080">
    <p class='ocr_par' dir='ltr' id='par_1_5' title="bbox 311 4003 882 4080">
     <span class='ocr_line' id='line_1_34' title="bbox 311 4003 882 4080; baseline 0.011 -24"><span class='ocrx_word' id='word_1_291' title='bbox 311 4003 330 4070; x_wconf 88' lang='lat'>¹)</span> <span class='ocrx_word' id='word_1_292' title='bbox 349 4003 383 4057; x_wconf 84' lang='lat' dir='ltr'>ef.</span> <span class='ocrx_word' id='word_1_293' title='bbox 402 4003 514 4058; x_wconf 88' lang='lat' dir='ltr'>indicem</span> <span class='ocrx_word' id='word_1_294' title='bbox 533 4006 554 4071; x_wconf 93' lang='lat' dir='ltr'>l,</span> <span class='ocrx_word' id='word_1_295' title='bbox 573 4023 665 4061; x_wconf 81' lang='lat' dir='ltr'>comm.</span> <span class='ocrx_word' id='word_1_296' title='bbox 685 4024 720 4065; x_wconf 90' lang='lat' dir='ltr'>m.</span> <span class='ocrx_word' id='word_1_297' title='bbox 740 4025 764 4076; x_wconf 92' lang='lat' dir='ltr'>p.</span> <span class='ocrx_word' id='word_1_298' title='bbox 783 4009 818 4064; x_wconf 89' lang='grc'>56</span> <span class='ocrx_word' id='word_1_299' title='bbox 827 4026 882 4080; x_wconf 83' lang='lat' dir='ltr'>seq.</span> 
     </span>
    </p>
   </div>
   <div class='ocr_carea' id='block_1_6' title="bbox 311 4105 1332 4185">
    <p class='ocr_par' dir='ltr' id='par_1_6' title="bbox 311 4105 1332 4185">
     <span class='ocr_line' id='line_1_35' title="bbox 311 4105 1332 4185; baseline 0.013 -27"><span class='ocrx_word' id='word_1_300' title='bbox 311 4108 330 4174; x_wconf 89' lang='lat'>¹)</span> <span class='ocrx_word' id='word_1_301' title='bbox 349 4106 382 4160; x_wconf 82' lang='lat' dir='ltr'>cl.</span> <span class='ocrx_word' id='word_1_302' title='bbox 400 4105 430 4159; x_wconf 86' lang='lat' dir='ltr'>L.</span> <span class='ocrx_word' id='word_1_303' title='bbox 450 4107 557 4174; x_wconf 76' lang='lat' dir='ltr'>bellule,</span> <span class='ocrx_word' id='word_1_304' title='bbox 576 4110 618 4164; x_wconf 83' lang='lat' dir='ltr'>Le</span> <span class='ocrx_word' id='word_1_305' title='bbox 639 4111 753 4166; x_wconf 78' lang='lat' dir='ltr'>Gobiaet</span> <span class='ocrx_word' id='word_1_306' title='bbox 771 4112 819 4167; x_wconf 77' lang='lat' dir='ltr'>deo</span> <span class='ocrx_word' id='word_1_307' title='bbox 836 4116 1000 4169; x_wconf 77' lang='lat' dir='ltr'>manuscrits</span> <span class='ocrx_word' id='word_1_308' title='bbox 1017 4115 1046 4169; x_wconf 91' lang='lat'>11</span> <span class='ocrx_word' id='word_1_309' title='bbox 1060 4131 1083 4182; x_wconf 90' lang='lat' dir='ltr'>p.</span> <span class='ocrx_word' id='word_1_310' title='bbox 1096 4115 1148 4170; x_wconf 83' lang='grc'>460</span> <span class='ocrx_word' id='word_1_311' title='bbox 1157 4132 1197 4185; x_wconf 92' lang='lat' dir='ltr'>sq.</span> <span class='ocrx_word' id='word_1_312' title='bbox 1217 4119 1245 4170; x_wconf 93' lang='lat' dir='ltr'>et</span> <span class='ocrx_word' id='word_1_313' title='bbox 1257 4122 1332 4172; x_wconf 85' lang='lat' dir='ltr'>cata·</span> 
     </span>
    </p>
   </div>
   <div class='ocr_carea' id='block_1_7' title="bbox 208 4190 1332 4346">
    <p class='ocr_par' dir='ltr' id='par_1_7' title="bbox 208 4190 1332 4346">
     <span class='ocr_line' id='line_1_36' title="bbox 208 4190 1332 4332; baseline 0.01 -90"><span class='ocrx_word' id='word_1_314' title='bbox 208 4190 298 4331; x_wconf 47' lang='lat' dir='ltr'>llpggm</span> <span class='ocrx_word' id='word_1_315' title='bbox 325 4191 508 4332; x_wconf 56' lang='lat' dir='ltr'>cpgrglogorum</span> <span class='ocrx_word' id='word_1_316' title='bbox 536 4194 675 4263; x_wconf 89' lang='lat' dir='ltr'>perutilem</span> <span class='ocrx_word' id='word_1_317' title='bbox 702 4213 864 4266; x_wconf 86' lang='lat' dir='ltr'>quamquam</span> <span class='ocrx_word' id='word_1_318' title='bbox 891 4215 944 4253; x_wconf 91' lang='lat' dir='ltr'>uon</span> <span class='ocrx_word' id='word_1_319' title='bbox 971 4198 1077 4268; x_wconf 89' lang='lat' dir='ltr'>plenum</span> <span class='ocrx_word' id='word_1_320' title='bbox 1104 4201 1133 4254; x_wconf 88' lang='lat' dir='ltr'>in</span> <span class='ocrx_word' id='word_1_321' title='bbox 1156 4202 1224 4256; x_wconf 82' lang='lat' dir='ltr'>blus.</span> <span class='ocrx_word' id='word_1_322' title='bbox 1244 4203 1332 4257; x_wconf 88' lang='lat' dir='ltr'>Rhen.</span> 
     </span>
     <span class='ocr_line' id='line_1_37' title="bbox 292 4293 432 4346; baseline 0.014 -17"><span class='ocrx_word' id='word_1_323' title='bbox 292 4293 317 4345; x_wconf 92' lang='lat' dir='ltr'>p.</span> <span class='ocrx_word' id='word_1_324' title='bbox 395 4293 432 4346; x_wconf 86' lang='lat' dir='ltr'>sq.</span> 
     </span>
    </p>
   </div>
   <div class='ocr_carea' id='block_1_8' title="bbox 0 0 1392 4830">
    <p class='ocr_par' dir='ltr' id='par_1_8' title="bbox 0 0 1392 4830">
     <span class='ocr_line' id='line_1_38' title="bbox 0 0 1392 4830; baseline 0 0"><span class='ocrx_word' id='word_1_325' title='bbox 0 0 1392 4830; x_wconf 95' lang='lat' dir='ltr'> </span> 
     </span>
    </p>
   </div>
  </div>
 </body>
</html>
