2774 4830
121 308 185 373 328
592 302 776 373 appendia

121 499 264 574 similiter,
293 501 419 573 quartus¹
441 515 509 558 uero
537 498 626 559 habet
649 498 806 560 CCCLXVI
829 498 900 570 dics,
923 497 992 570 qnia
1013 498 1158 571 quattuor
1183 512 1254 570 qua·

122 604 240 663 citantes
267 603 379 662 faciunt
400 619 486 661 unum
515 601 607 677 diem,
636 603 701 677 ipse
723 604 768 662 est
796 602 943 661 bissextus
970 601 1021 675 qui
1047 601 1158 673 quarto
1181 616 1253 659 auno

122 708 268 768 inseritur.
306 706 411 776 Quinto
440 723 508 765 uero
536 722 610 765 auno
638 706 754 766 inchoat
788 706 831 765 sol
866 705 980 764 eosdem
1013 720 1129 764 cursus.
1169 701 1253 763 Verbi

123 812 218 885 gratia
240 810 283 869 sol
306 811 336 867 iu
359 811 451 883 primo
473 825 547 868 anno
570 810 615 867 est
637 808 668 868 in
690 808 785 867 fronte
800 809 911 881 arietis,
928 807 1052 868 secundo
1068 807 1103 867 in
1118 805 1252 882 spatulis,

123 914 211 975 tertio
234 915 263 973 in
286 915 387 985 latere,
410 915 513 987 quarto
536 913 568 972 in
591 912 716 984 renibus,
739 913 839 986 quinto
861 928 930 970 uero
953 911 985 970 in
1000 909 1128 969 frontem
1152 908 1280 969 iterums

124 1018 288 1078 reuertitur.
325 1018 460 1075 Lustrum
489 1015 576 1075 etiam
604 1016 750 1075 dicitura
781 1015 932 1075 lustrando
963 1029 996 1073 eo
1024 1013 1104 1086 quod
1135 1011 1253 1071 Romani

123 1122 215 1180 totam
238 1119 385 1180 ciuitatem
408 1118 508 1193 quinto
531 1136 604 1178 auno
631 1119 794 1178 lustrabant
816 1136 879 1178 cum
902 1117 990 1177 cereis
1012 1122 1042 1175 et
1071 1115 1253 1189 lampadibus

124 1225 157 1282 iu
186 1224 320 1282 honorem
350 1206 463 1281 suorum
492 1223 617 1293 deorum,
649 1224 796 1303 quomodo·
815 1239 867 1281 nos
892 1220 1018 1279 'facimus
1047 1234 1102 1292 per
1124 1217 1253 1291 singulos

126 1342 218 1385 annos
246 1342 343 1385 mense
365 1324 519 1383 Februario
549 1326 580 1384 in
602 1326 737 1384 honorem
763 1328 879 1383 sanctae
901 1323 1018 1382 Mariae.
1056 1321 1170 1381 Lustra
1193 1336 1253 1381 uere

14 1446 117 1489 car-mr
127 1428 278 1504 pluraliter
315 1428 448 1488 dicuutur
485 1428 591 1487 cubilia
635 1429 771 1488 ferarum.
822 1425 1053 1499 Naufragus,
1098 1424 1282 1499 naufragasse

127 1532 232 1591 (licitur
253 1533 301 1605 qui
331 1532 455 1591 sustinet
483 1533 585 1590 damna
612 1531 642 1590 iu
673 1532 757 1592 mari.
794 1530 875 1589 Naue
898 1545 1010 1603 graece,
1033 1528 1124 1588 nauis
1147 1526 1253 1605 latine;

127 1636 193 1695 infe
225 1633 406 1709 naufragium
440 1634 544 1694 dicitur
576 1634 659 1693 nauis
693 1633 805 1694 fractio.
852 1632 1025 1692 caminus
1059 1633 1090 1689 et
1124 1630 1253 1691 olibanus

127 1756 234 1813 graeca
256 1742 326 1799 sunt
354 1740 384 1797 et
406 1738 508 1798 fornax
537 1737 674 1798 latinum.
718 1738 851 1797 hictus
874 1739 919 1796 est
940 1735 1028 1795 nimia
1051 1737 1168 1810 apertio
1190 1733 1254 1795 orie.

128 1841 216 1902 Venit
248 1843 342 1901 autem
373 1859 391 1900 a
419 1842 506 1901 uerbo
537 1837 638 1915 ‘ringo’
670 1842 697 1901 -i·
726 1858 758 1901 os
786 1840 892 1914 aperio.
929 1838 1206 1899 instimulante
1229 1840 1255 1897 ·i·

127 1948 308 2019 prouocante.
344 1946 483 2006 Stimulus
512 1947 557 2005 est
581 1945 695 2020 proprie
721 1944 804 2018 uirga
826 1944 936 2003 habens
958 1941 1066 2001 ferrum
1090 1941 1121 1999 iu
1136 1940 1283 2002 summi-rr

127 2052 199 2119 tate,
229 2066 286 2122 qua
312 2050 509 2107 ammonentur
537 2047 634 2108 boues.
672 2046 783 2120 Nempe
812 2063 878 2115 uon,
908 2045 1011 2119 inquit,
1033 2044 1142 2104 mirum
1166 2043 1254 2103 estsi

128 2152 186 2210 ista
208 2153 307 2211 contra
329 2153 459 2209 naturam
483 2150 660 2209 factasunt.
705 2149 934 2222 Quocumque
957 2149 984 2206 i·
1000 2147 1029 2206 iu
1058 2163 1255 2223 quamcunque

128 2256 249 2329 partem.
284 2254 383 2313 Vana
414 2253 461 2312 uel
490 2252 559 2311 fana
581 2252 608 2311 ·i·
632 2253 718 2313 idola.
752 2253 919 2312 Sinistro
942 2253 968 2310 ·i·
991 2266 1139 2325 peruerse.
1175 2250 1256 2309 Dolet

128 2360 213 2431 poeta
240 2358 276 2416 oie
305 2356 452 2415 erroribus
475 2373 662 2429 paganorum.
701 2355 811 2414 ldolum
835 2352 1039 2413 diminutiuum
1062 2356 1108 2412 est
1133 2355 1171 2413 ab
1193 2353 1256 2412 idea

129 2462 155 2519 ·i·
189 2460 289 2520 forma.
340 2457 534 2519 Dementia
567 2460 594 2517 i·
631 2459 828 2519 deliramenta.
872 2456 939 2516 hira
971 2460 1048 2517 euim
1082 2457 1181 2518 sulcus
1214 2460 1286 2519 estro

129 2562 229 2634 aratri,
252 2562 317 2620 inde
340 2561 429 2621 deliro
452 2562 478 2620 i·
501 2561 639 2633 exorbito,
663 2563 744 2620 auia
759 2562 881 2621 rationis
897 2562 990 2621 deuio.
1023 2561 1147 2635 Proprie
1162 2562 1255 2625 autom

130 2665 252 2725 delirare
275 2666 328 2737 est,
352 2665 464 2736 quaudo
488 2665 574 2724 boues
594 2664 721 2724 demulce
738 2666 910 2736 exorbitant,
928 2665 969 2723 ita
985 2666 1014 2723 et
1032 2679 1117 2725 senes
1133 2663 1257 2723 delirare

130 2770 274 2841 dicuntur,
297 2770 472 2841 quoniame
502 2785 570 2827 uera
597 2770 739 2829 locutione
769 2770 915 2829 recedunt
961 2769 1092 2827 Bouem
1124 2769 1152 2827 i·
1177 2770 1255 2843 apiu,

130 2890 196 2932 nam
221 2874 285 2945 apis
307 2874 428 2930 uocatus
451 2874 496 2930 est
518 2874 628 2943 taurus,
652 2873 700 2946 qui
716 2872 788 2930 Isidi
806 2872 923 2946 reginae
938 2871 1121 2931 offerebatur.
1145 2870 1256 2932 Semi·

130 2975 384 3049 hominemque
413 2974 439 3032 ·i·
469 2975 593 3053 simiam,
624 2976 708 3035 simia
740 2975 815 3035 enim
850 2974 1004 3035 semihomo
1036 2976 1067 3033 et
1101 2973 1287 3033 semicanisn

131 3080 184 3137 est.
219 3076 287 3135 Tria
302 3094 411 3150 genera
426 3079 494 3135 sunt
510 3078 671 3137 simiarum:
692 3094 749 3136 una
764 3081 808 3136 est
822 3076 935 3145 uillosa,
952 3092 1024 3151 quae
1039 3077 1125 3150 spinx
1140 3076 1257 3151 dicitur,

133 3179 193 3238 alia
215 3180 429 3252 cercopithecus
453 3182 559 3240 dicitur
582 3180 702 3238 caudam
725 3181 847 3255 habens,
871 3179 1161 3254 fortissimaeque,
1185 3197 1258 3254 quae

132 3281 217 3340 simia
238 3282 538 3355 nuncupaturfeoiem
562 3287 591 3341 et
605 3285 691 3357 pedes
707 3284 743 3341 ad
760 3281 979 3341 similitudinem
995 3278 1121 3341 hominis
1137 3282 1257 3359 habene,

132 3387 257 3444 ceterum
285 3402 351 3444 uero
382 3403 485 3459 corpus
516 3388 552 3445 ad
578 3386 795 3446 similitudinem
818 3386 907 3444 cauis.
952 3384 997 3443 Vt
1019 3384 1209 3445 uolucrem
1232 3384 1257 3442 ·i·

132 3488 201 3549 ibin.
255 3486 387 3547 Ciconias
427 3489 498 3548 dicit
541 3490 735 3563 Aegyptiacas
779 3490 962 3560 domesticas,
1006 3504 1077 3561 quas
1118 3488 1288 3563 Aegyptiis

132 3593 263 3653 colebant
285 3595 402 3667 propter
420 3594 577 3671 serpentes,
602 3609 673 3665 quos
689 3594 875 3653 denorabant.
906 3590 1088 3651 Geminum
1105 3592 1135 3650 ·i·
1151 3608 1257 3666 aequa·

131 3695 199 3758 lem.
238 3695 388 3754 Geminum
417 3711 468 3769 pro
496 3694 610 3770 aequali
640 3696 753 3770 posuit,
783 3696 850 3770 quia
880 3694 925 3754 iili
953 3696 1012 3752 tres
1035 3693 1096 3753 dies
1121 3694 1154 3755 iu
1177 3695 1260 3755 initio

133 3798 231 3857 mundi
254 3798 390 3871 aequales
413 3798 538 3877 fuerunt,
569 3802 635 3872 post
656 3816 725 3859 uero
752 3797 842 3858 solem
864 3800 965 3872 quarto
989 3796 1035 3857 die
1057 3804 1193 3858 creatum
1216 3799 1261 3858 iu·

134 3903 268 3975 aequales
291 3904 358 3960 sunt
380 3901 451 3974 dies,
477 3902 529 3961 aut
551 3903 626 3961 enim
649 3905 785 3962 crescunt
806 3905 857 3961 aut
872 3902 1041 3962 decrescunt
1055 3916 1113 3959 uon
1130 3904 1261 3961 tantum·

134 4004 216 4064 modo
239 4009 266 4064 in
291 4003 490 4078 aequinoctiis.
526 4004 716 4076 Fugautur
738 4005 764 4063 ·i·
788 4005 1020 4073 obtenebrantur,
1044 4007 1073 4062 et
1095 4002 1154 4064 hoc
1169 4005 1291 4080 poeti-s

186 4252 220 4306 26
237 4253 324 4338 spinis
341 4254 368 4306 A
472 4253 505 4308 27
523 4254 683 4324 circopecur'
701 4256 728 4308 A
831 4254 866 4309 30
882 4255 1121 4324 aegiptiatttt'taeas
1140 4262 1168 4311 A
