2774 4830
107 338 142 388 vl

106 509 269 594 (Cerealis)
300 510 482 575 coniunctus
513 529 595 576 nuno
623 510 706 576 foliis
736 511 1090 578 111111128111111.
1114 511 1224 578 3-27

104 624 167 678 tres
197 614 410 695 quaterniones
440 611 587 689 afficiant,
618 617 649 678 11
671 615 810 680 continet
831 614 852 679 1.
878 614 961 678 1-2
983 613 1160 696 Epistulam
1183 614 1224 679 ad

103 717 315 781 Macedonium
348 735 365 780 a
399 717 518 780 uerbis:
552 715 592 780 ub
617 717 785 798 scripturis
806 717 987 782 celsioribus
1011 717 1059 796 (11.
1082 737 1109 801 p.
1133 718 1164 796 6,
1188 717 1223 798 5)

104 838 199 901 usque
233 821 271 884 ad
303 816 406 897 finem,
440 818 461 881 f.
485 817 618 883 3·-2o·
650 817 804 901 paschalis
830 818 984 885 Carminis
1017 819 1113 885 libros
1137 819 1176 897 V,
1202 819 1224 884 f.

103 922 256 986 aer-27¹³
278 920 429 1004 hymnum
452 920 477 999 Ι,
503 920 524 985 1.
549 921 589 986 28
622 920 844 1004 praefationem
874 923 913 986 ad
937 941 964 1004 p.
990 921 1022 987 0.
1047 923 1100 1006 (ei.
1125 923 1166 986 14
1182 925 1222 1004 s.)

104 1044 174 1091 oum
203 1025 404 1106 inscriptione
433 1030 464 1088 et
494 1025 723 1106 subscriptione.
762 1024 901 1106 Scriptus
929 1028 976 1089 est
998 1025 1077 1090 liber
1099 1025 1138 1089 ab
1161 1044 1225 1090 uno

104 1127 230 1192 librario
264 1129 325 1209 uel,
360 1128 387 1193 si
421 1131 526 1192 tamen
550 1145 568 1191 a
590 1126 719 1206 duobus,
754 1131 836 1192 certe
859 1146 877 1193 a
900 1128 1017 1193 duobus
1050 1146 1104 1212 per
1137 1129 1226 1193 uicos

103 1229 187 1315 operi
223 1230 475 1297 incumbentibus
508 1229 625 1313 duplici
662 1229 833 1312 scripturae
870 1249 982 1315 genere
1018 1229 1071 1296 fol.
1107 1229 1227 1295 1-2'

106 1333 290 1409 uncialibus,
319 1333 451 1398 228*
474 1336 505 1397 ot
534 1333 669 1415 exeeptis
697 1338 844 1415 quattuor
871 1335 1013 1398 uersibus
1040 1333 1163 1398 ultimis
1192 1333 1227 1398 9‘

105 1437 301 1517 capitalibus,
344 1438 375 1502 9r
411 1437 515 1501 ultimi
559 1439 706 1518 quattuor
747 1455 855 1502 uersus
892 1437 1083 1516 uncialibus,
1120 1438 1155 1502 θ’
1192 1454 1225 1501 u.

108 1540 177 1603 1-
191 1539 230 1603 18
263 1540 457 1622 capitalibus,
492 1538 513 1604 f.
536 1540 570 1604 9v
592 1560 622 1604 u.
647 1540 687 1602 19
709 1577 751 1586 -
773 1540 795 1604 1.
820 1540 872 1604 28¹
904 1539 1076 1606 uncialibus
1109 1538 1227 1604 litteris

107 1642 156 1721 (11.
174 1642 290 1717 Pasini,
307 1641 432 1709 Codices
446 1641 517 1707 bibl.
536 1644 632 1708 Tour.
648 1641 680 1706 ΙΙ
695 1661 726 1724 p.
741 1643 814 1720 244,
831 1642 950 1725 Peyron
966 1642 987 1709 l.
1003 1661 1029 1707 c.
1044 1660 1073 1723 p.
1090 1642 1154 1706 214
1165 1659 1227 1724 sq.,

105 1742 335 1826 Zangemeister
368 1749 398 1809 et
432 1745 655 1827 Wattenbaeb,
693 1744 836 1826 menapia
869 1745 1011 1810 codicum
1032 1743 1229 1808 Latinorum

105 1845 219 1911 litteris
240 1849 315 1911 moi.
339 1849 449 1928 script.
471 1849 487 1912 Ι
510 1867 540 1931 p.
563 1850 586 1913 4
613 1847 677 1912 tab.
700 1846 801 1929 XVI).
839 1848 885 1912 Ex
917 1847 1034 1912 unciali
1067 1847 1229 1929 scriptura

103 1951 256 2016 conicitur
276 1950 393 2015 librum
415 1951 535 2015 saeculo
560 1951 623 2015 iere
645 1950 708 2015 VII
732 1951 890 2015 exaratum
913 1967 987 2014 esse.
1022 1947 1185 2014 (lorrectus
1206 1966 1230 2011 a

104 2073 197 2119 mauu
229 2072 253 2118 s.
283 2053 373 2126 VIlI‚
410 2057 449 2118 ut
481 2052 735 2118 Reiffersobeidio
771 2053 824 2135 (cf.
856 2053 893 2118 Β.
922 2052 958 2117 P.
981 2052 1016 2116 L.
1039 2049 1071 2116 ll
1094 2068 1123 2132 p.
1148 2049 1226 2131 136)

104 2158 206 2222 uisum
244 2160 291 2219 est
328 2157 361 2220 at
397 2157 478 2222 infra
514 2157 706 2241 argumentis
743 2156 1003 2239 comprobabitur.
1047 2153 1230 2220 conlatoris

105 2278 231 2324 munere
252 2260 393 2325 iunctum
416 2277 481 2325 esse
505 2260 741 2325 Abundantium
764 2259 918 2342 quendam
942 2256 1127 2338 subscriptio
1149 2255 1228 2321 libri

104 2362 153 2427 Ill
176 2365 207 2426 et
228 2361 273 2426 IV
294 2365 427 2427 testetur
448 2363 541 2428 haec:
579 2379 648 2427 neo
680 2378 923 2427 mvnnnnnrvs
955 2377 1058 2425 rsnvu
1091 2376 1229 2424 mnnvx

106 2481 253 2530 courum
275 2482 454 2530 numerumn
479 2466 531 2546 (ci.
555 2485 585 2549 p.
608 2464 703 2529 6411
726 2465 812 2545 112).
849 2466 895 2529 At
922 2464 955 2529 in
977 2463 1036 2527 tine
1057 2461 1131 2527 libri
1154 2461 1171 2525 l
1193 2465 1230 2525 et

105 2557 138 2632 II
160 2570 312 2651 scriptura
334 2569 555 2651 langobardica
578 2569 728 2651 seriptum
752 2571 874 2633 tantum
899 2568 1014 2630 exstet:
1036 2563 1228 2644 1111111111.

106 2672 340 2749 Reifferscheid,
377 2671 667 2737 commentariolum
702 2671 740 2735 de
773 2669 948 2734 latinorum
980 2669 1122 2734 codicum
1150 2665 1229 2730 sub-

105 2775 326 2856 scriptionibus
341 2796 377 2857 p.
393 2781 411 2838 1
423 2777 472 2857 a).
497 2777 581 2841 Duos
604 2777 787 2839 correctores
805 2774 901 2839 fuisse
922 2791 958 2836 ex
980 2773 1152 2855 scripturae
1174 2770 1229 2833 in·

106 2877 195 2943 dieiis
227 2882 363 2961 apparat,
394 2898 429 2943 ex
459 2879 570 2961 quibus
592 2896 672 2943 unus
700 2877 785 2942 leues
814 2876 931 2941 librarii
955 2891 1070 2939 errores
1093 2871 1230 2937 correxit

106 2981 137 3043 et
171 2980 330 3064 archetypi
362 2981 566 3064 proprietates
599 2982 752 3061 abstersit,
791 2979 870 3044 alter
902 2978 1050 3042 lectiones
1082 2975 1230 3056 antiquas

106 3081 240 3148 radendo
273 3091 305 3148 et
333 3082 512 3164 corrigendo
545 3101 581 3146 en
614 3082 694 3145 libro
728 3080 808 3144 alius
841 3078 957 3144 ordinis
981 3076 1031 3159 (11.
1054 3075 1136 3139 infra
1158 3078 1228 3139 eod.

107 3185 147 3268 A)
171 3184 308 3250 codicem
330 3185 419 3250 modo
450 3184 633 3266 deprauauit
656 3184 745 3247 modo
768 3181 854 3247 anxit
876 3180 1047 3263 supplendo
1078 3196 1124 3257 ea,
1148 3194 1230 3258 quae

107 3287 251 3352 librarius
280 3291 427 3353 omiserat
453 3294 507 3352 aut
537 3288 713 3351 incendium
737 3287 870 3367 quodam
893 3287 1032 3363 tempore
1054 3280 1228 3344 deleuerat.

106 3389 190 3470 Quae
213 3408 283 3455 cum
305 3391 350 3455 ita
371 3390 443 3470 sint,
467 3390 608 3471 inprimis
633 3389 815 3453 lectionibus
831 3388 949 3469 primae
964 3401 1076 3448 manus
1092 3381 1228 3447 inuesti-

105 3492 216 3574 gandls
245 3509 367 3575 operam
397 3493 476 3568 dodi,
509 3499 627 3556 ceteras
657 3508 764 3556 omnes
785 3490 872 3572 signo
897 3485 943 3551 T²
965 3487 1014 3551 uel
1038 3504 1117 3550 corr.
1139 3503 1181 3548 m.
1206 3486 1231 3547 2

104 3593 249 3660 indicaui.

149 3732 288 3816 Scriptus
310 3737 358 3798 est
382 3731 473 3797 codex
494 3730 520 3796 T
542 3730 649 3795 eodem
666 3746 724 3813 quo
748 3728 781 3793 Μ
803 3744 941 3793 sermone
955 3724 1080 3808 uulgari
1095 3724 1128 3787 id
1145 3721 1230 3804 quod

109 3836 257 3920 exemplis
279 3828 359 3901 libro
381 3836 487 3917 quinto
511 3832 701 3915 depromptis
724 3829 930 3896 confirmabo:
953 3827 1172 3894 almitates
1188 3848 1230 3880 ε

107 3941 239 4005 uirtutis
260 3936 331 4019 MT,
365 3934 383 4001 'i
406 3937 465 4000 buc
487 3935 564 4000 bero
588 3962 626 3992 =
650 3935 734 4000 lacere
755 3934 868 3998 boram
888 3932 960 4013 MT,
993 3929 1082 3994 merit
1098 3954 1137 3983 =
1153 3925 1232 3989 aemi

107 4043 176 4121 MT,
201 4044 241 4107 19
262 4061 356 4105 suum
377 4040 506 4105 uerbum
523 4066 561 4095 =
577 4058 634 4104 suo
653 4036 744 4102 uerbo
767 4038 837 4114 ΜΤ,
861 4035 903 4099 ab
925 4033 1039 4098 loboris
1056 4057 1092 4086 =
1112 4030 1233 4092 louuua

108 4145 179 4227 MT,
201 4147 242 4211 28
265 4143 405 4209 truditur
419 4168 459 4199 =
476 4141 611 4206 traditor
634 4138 704 4216 MT,
727 4138 769 4204 69
793 4136 930 4203 traditus
943 4162 981 4192 =
994 4133 1137 4197 truditur
1157 4129 1232 4208 MT,

108 4249 150 4313 34
172 4247 274 4330 adque
288 4273 328 4304 ==
343 4250 437 4328 atque
458 4245 528 4322 MT,
558 4242 601 4309 35
628 4242 755 4306 secreuit
771 4264 811 4298 =
825 4239 934 4305 sarmit
956 4238 1028 4312 MT,
1058 4236 1100 4300 63
1122 4233 1236 4297 mima·
