2774 4830
494 314 644 371 Panchai.
662 314 784 385 Operis
807 315 875 369 bib.
894 315 927 369 V.
1212 318 1273 384 287

145 525 242 589 quem
263 503 492 571 Hierosolimae
511 503 647 571 defuisse
673 503 914 587 apostolicorum
941 507 1069 569 actuum
1091 504 1273 589 magnitudo

147 611 290 687 testetur,
313 610 347 673 st
368 607 467 689 possit
489 610 545 674 aut
566 626 628 674 una
649 605 830 689 interpretis
845 605 977 672 diuersis
992 606 1100 691 lingua
1114 606 1275 683 suffioere;

148 716 215 790 ant,
238 712 265 774 si
289 712 474 775 cunctorum
497 710 598 774 uoluit
619 708 716 775 oculis
738 709 797 774 boo
811 708 935 775 Pilatus
950 728 1111 792 exponere,
1134 710 1276 794 pluribus

146 816 331 897 linguarum
353 814 545 878 oommereiis
570 813 758 878 instruotam
783 811 871 895 uulgi
893 813 1040 879 notitiam
1062 811 1275 879 reddidisset?

120 917 202 983 esed
232 918 305 999 quia
331 934 393 982 non
415 920 464 981 est
489 914 630 981 bumana
659 913 860 999 dispositione
883 914 1067 999 perfeetum,
1090 914 1275 996 spiritaliter

146 1020 230 1086 illud
260 1020 434 1085 sentiamus
463 1018 639 1103 impletum.
677 1036 752 1084 uera
780 1017 933 1099 siquidem
962 1017 1037 1083 fides
1060 1019 1275 1103 catholicaque

148 1122 310 1201 consessio,
334 1140 414 1206 quae
435 1120 660 1204 designabatur
681 1120 716 1185 in
738 1118 871 1200 (lbristo,
900 1139 997 1186 unum
1020 1122 1141 1205 populis
1168 1140 1274 1205 rogem

146 1225 233 1291 trino
256 1223 385 1291 doeebat
408 1225 555 1308 explieari
577 1241 733 1300 sermone,
750 1222 833 1306 quod
847 1226 951 1289 autem
967 1224 1155 1291 ludaeorum
1169 1243 1275 1309 regem

147 1349 220 1396 eum
243 1329 419 1413 specialiter
440 1330 534 1394 uerbo
564 1328 755 1410 pronuntiet,
785 1328 838 1409 qui
860 1344 956 1412 supra
977 1328 1154 1393 ereaturam
1177 1328 1275 1393 domi·

107 1458 137 1497 xo
147 1438 241 1498 natur
263 1431 455 1507 uniuersam,
477 1434 543 1496 tam
558 1431 707 1497 saeoulari
723 1448 835 1495 causae
850 1449 944 1513 quam
960 1430 1075 1496 rationi
1091 1431 1275 1496 conueniens

147 1541 197 1602 est
225 1535 358 1600 diuinas.
395 1535 532 1617 primum
564 1536 708 1617 quoniam
741 1532 866 1599 Pilatus
893 1532 946 1598 uel
973 1538 1100 1618 propter
1132 1532 1275 1599 Caesaris

147 1640 269 1703 metum
289 1639 341 1703 uel
369 1639 494 1721 propter
516 1655 589 1701 suae
614 1634 842 1701 erodidulitatis
864 1636 1047 1715 admissum,
1076 1638 1149 1719 quia
1170 1653 1274 1721 regem

147 1740 261 1807 dixerit
281 1759 412 1824 quorum
427 1740 534 1820 fuerit,
550 1737 704 1820 defininit,
721 1760 760 1807 ne
775 1759 852 1824 puro
867 1738 955 1822 regni
972 1739 1095 1805 nomine
1112 1739 1275 1822 designato

147 1844 337 1927 generaliter
370 1864 442 1909 eum
475 1862 582 1929 regem
610 1845 768 1910 uideretur
800 1844 971 1928 exprimere
1000 1842 1095 1925 atque
1127 1844 1276 1907 aduersus

108 1946 311 2013 acassarem
337 1947 515 2031 praedioare
542 1949 575 2012 et
602 1948 763 2028 tamquam
791 1947 825 2011 in
852 1964 944 2010 suum
972 1962 1093 2028 quoque
1123 1944 1273 2009 rectorem

147 2050 274 2115 deoreta
296 2055 397 2117 morte
423 2050 594 2133 sacrilegus
623 2050 770 2115 extitisse
808 2048 921 2113 dehine
936 2048 1010 2131 qnia
1023 2066 1076 2113 rex
1090 2047 1276 2113 Iudaeorum

147 2151 291 2218 Christus
323 2153 468 2239 religiose
505 2154 684 2219 nominatur
722 2156 754 2217 et
787 2150 889 2216 omnis
922 2151 1085 2233 gentilitas
1121 2150 1275 2215 idolorum

146 2255 285 2321 cultibus
301 2260 459 2341 oenupate,
476 2273 547 2321 eum
563 2254 736 2321 Christiani
752 2253 907 2336 dogmatis
922 2253 1072 2318 meruerit
1082 2253 1276 2319 sacramenta

147 2359 264 2436 sortiri,
287 2358 370 2425 inter
397 2358 554 2425 Abrabam
577 2357 657 2423 filios
680 2358 809 2441 iuoipiet
824 2356 883 2422 Dei
903 2356 1004 2421 filium
1019 2373 1208 2439 nuncupare,
1224 2354 1274 2420 eui

107 2463 267 2548 adlegitur
288 2461 476 2547 promisisse,
503 2461 585 2544 quod
606 2480 679 2525 eum
701 2459 826 2537 luceret,
857 2459 942 2525 sieut
964 2462 997 2524 et
1018 2457 1101 2537 feeit,
1136 2459 1275 2524 omnium

146 2565 291 2649 gentium
319 2569 450 2649 patrem.
488 2564 577 2629 Iesus
605 2582 678 2647 ergo
706 2562 808 2628 dietus
837 2562 886 2627 est
908 2562 973 2627 Rex
996 2560 1191 2642 Iudaeorum,
1215 2564 1274 2626 nob

147 2672 274 2735 tuntum
304 2668 523 2751 praesentium,
553 2667 608 2731 sed
636 2666 733 2731 etiam
762 2664 950 2741 futurorum,
982 2665 1057 2748 quia
1090 2662 1276 2731 nattuuliter

202 2958 215 3010 l
240 2955 408 3010 hierosolime
432 2956 475 3019 ll,
506 2955 678 3022 lrierusolime
700 2954 728 3007 Β
830 2953 1012 3022 apostolorum
1035 2966 1070 3005 ex
1092 2952 1275 3020 apostolurum

146 3060 177 3114 Β
278 3059 406 3128 2posset
428 3058 487 3114 ΒΗ
590 3073 644 3111 uua
660 3072 682 3111 e.
699 3056 715 3110 1.
735 3056 762 3109 Β
865 3054 994 3122 interptes
1014 3053 1042 3107 Β
1144 3052 1275 3119 311113,
1382 3086 1386 3093 ·

147 3181 198 3235 boe
215 3179 300 3234 oculis
317 3196 335 3233 o
437 3177 585 3247 plurimum
604 3176 645 3243 B,
670 3175 847 3245 plurimarum
865 3192 882 3231 o
978 3176 996 3227 4
1013 3146 1162 3237 iustrtetam
1179 3172 1207 3229 Β

146 3302 220 3372 tulgi
232 3304 257 3367 1,
276 3316 344 3357 erar.
355 3300 425 3355 iuB
505 3297 717 3353 reddidissedH
798 3298 868 3351 bset
881 3296 1027 3352 essedis*
1108 3262 1208 3365 req³R

144 3407 219 3479 qnod
244 3423 260 3461 o
363 3407 380 3460 6
406 3404 473 3460 illud
500 3420 550 3461 om.
578 3404 612 3458 H
712 3403 850 3473 siquidem]
877 3419 933 3458 roe.
956 3405 1027 3457 d-o
1049 3402 1099 3456 litt.
1123 3404 1154 3455 iu
1177 3401 1208 3455 Η

146 3512 164 3565 'l
191 3508 349 3579 signabatur
374 3509 402 3562 Β
513 3522 708 3575 regem-eum
731 3522 781 3561 om.
800 3523 830 3570 o,
858 3505 1060 3571 forsennatus
1083 3504 1116 3558 Η
1214 3520 1274 3559 eum

146 3629 237 3683 regem
252 3613 278 3667 Β
364 3612 381 3665 9
393 3611 542 3681 specialius
553 3610 593 3675 H,
616 3610 720 3679 spieisli
732 3610 768 3675 B,
792 3609 901 3678 rpeoiali
912 3612 954 3663 ter
965 3606 1085 3678 Ludwig
1097 3609 1128 3662 iu
1139 3606 1204 3662 adn.

145 3716 439 3770 creature-uniuersa
455 3714 483 3768 Β
578 3714 610 3768 12
626 3713 753 3768 mireum
772 3712 860 3775 RHI,
890 3712 1036 3765 admissum
1055 3726 1124 3766 corr.
1143 3710 1206 3765 Iur.

146 3819 213 3888 qnia
229 3818 265 3882 Β,
295 3832 353 3886 qm
371 3817 409 3881 H,
440 3806 499 3885 qui*
514 3816 544 3871 Β
558 3820 681 3883 (11112),
707 3832 782 3886 aqua
799 3815 824 3882 1,
850 3816 898 3883 qui
915 3815 984 3880 lor,
1017 3814 1128 3887 110011
1156 3812 1228 3883 quod
1246 3828 1274 3868 se

144 3904 382 3971 fortunatius
398 3902 469 3958 dett.
565 3917 728 3971 seregemu
827 3902 859 3955 13
877 3899 1033 3969 designat-o
1046 3901 1066 3967 (i
1078 3904 1158 3963 ersa)
1177 3901 1209 3954 Η

148 3990 183 4047 14
201 4005 327 4060 exponere
344 3989 395 4045 Bo
481 3989 514 4042 16
531 3989 603 4059 quia]
622 3994 667 4058 qm
684 3988 712 4042 Β
805 3988 837 4041 ll
855 3987 985 4056 religione
1001 3988 1037 4043 11
1125 3988 1158 4042 18
1175 3987 1274 4041 meruit

147 4074 177 4131 P
279 4076 313 4131 19
335 4074 481 4129 habraham
504 4076 531 4129 Β
634 4074 763 4143 incipito
867 4073 908 4127 dei
928 4090 962 4127 ex
979 4073 1028 4127 deo
1044 4072 1072 4127 Β
1173 4072 1273 4143 lilium]

147 4163 296 4232 populnro
381 4161 527 4230 nuncupari
544 4160 625 4215 HBo
717 4159 753 4213 10
769 4158 900 4228 promisee
917 4158 948 4213 H
1040 4158 1072 4212 21
1092 4158 1164 4228 orgo]
1183 4164 1273 4213 summ

148 4248 183 4303 H
274 4263 317 4301 rex
335 4245 423 4301 diotm
440 4249 482 4301 est
499 4246 527 4303 Β
621 4245 746 4316 12111111]
766 4244 911 4315 quiHBo
1005 4245 1138 4299 neturelie
1155 4244 1206 4301 Bo
