2774 4830
103 311 148 377 60
598 306 732 362 Sedulii

191 499 250 580 Qui
275 501 432 565 dominum
457 499 534 564 caeli
557 504 677 580 putrem
700 517 920 576 memoramus,
943 499 1063 581 inipso

191 602 258 667 Iam
282 601 392 667 fratres
416 621 471 666 nos
494 621 560 666 esse
584 603 673 667 decet
694 621 750 667 neo
773 604 891 686 origine
913 604 1014 668 carnis

192 709 381 775 Germanum
406 709 541 772 tractore
565 707 681 784 odium,
704 707 757 772 sed
780 707 908 790 spiritns
931 710 1002 792 igne

105 809 170 875 240
191 810 373 893 Flegrentes
396 809 519 876 abolere
541 810 603 874 doli
627 813 828 876 monumenta
855 813 972 876 uetusti

191 915 293 994 Atque
317 931 431 977 nouum
454 913 576 997 gestare
599 912 765 993 hominem,
789 933 826 978 ne
849 914 951 978 forsan
975 913 1013 978 eb
1037 914 1103 979 alto

191 1017 384 1100 Degenerem
407 1018 531 1080 terrena
553 1017 626 1093 Deo,
650 1017 699 1081 eui
722 1034 776 1080 nos
798 1019 873 1080 duco
896 1014 1019 1081 Christo

191 1118 279 1183 Fecit
302 1118 462 1200 adoptiuos
485 1119 627 1183 caelestis
648 1118 751 1201 gratie
772 1121 870 1184 natos,

234 1219 452 1285 Sanctificetur
475 1222 526 1287 ubi
551 1221 712 1300 Dumium,
736 1223 788 1303 qui
812 1226 922 1287 cuncte
945 1221 1075 1287 creando

106 1322 170 1389 245
193 1323 382 1403 benennon,
405 1325 465 1389 nisi
489 1326 580 1390 corde
602 1327 661 1407 pio,
685 1327 743 1389 nisi
767 1329 889 1406 pectore
912 1327 1019 1390 costo?

192 1428 235 1492 Vt
257 1446 431 1492 mereamur
453 1448 524 1494 eum
546 1447 601 1493 nos
624 1427 816 1493 sencbifioero
839 1429 974 1505 colendo,

192 1532 321 1595 Annnet
343 1532 408 1613 ipse
430 1533 521 1614 prior,
545 1532 627 1596 siout
650 1530 825 1596 benedicier
846 1531 930 1595 idem

192 1634 231 1699 Se
254 1634 339 1699 iubet
362 1654 381 1698 a
401 1635 500 1709 nobie,
526 1652 544 1699 e
566 1652 625 1716 qno
648 1635 859 1701 benedicimur
881 1652 996 1698 omnen.

235 1737 394 1801 Adueniet
414 1756 545 1821 regnum
568 1739 632 1802 inm
655 1738 778 1819 iamque
801 1736 921 1801 scilicet
943 1736 1033 1816 illud,

107 1839 172 1906 250
193 1839 295 1906 Morte
317 1858 431 1905 uacans
454 1843 486 1905 eb
508 1839 566 1905 fine
588 1858 706 1918 cerens,
731 1841 780 1904 oui
803 1840 889 1904 nulle
911 1858 964 1922 per
987 1857 1099 1904 aeuum

157 2146 207 2200 237
235 2137 299 2230 (ὦ
327 2147 352 2200 Τ
376 2162 437 2213 exp.
458 2163 491 2200 m.
510 2149 543 2210 2,
578 2135 624 2199 dm
649 2147 677 2200 A
780 2147 883 2213 petrem
910 2145 976 2198 coeli
1004 2144 1168 2199 KLPSYZ

105 2253 158 2306 238
168 2266 217 2304 nos
229 2252 328 2304 fratres
340 2251 394 2305 AR
492 2251 563 2303 dicet
577 2251 602 2304 T
601 2250 643 2312 ΖΗ
662 2250 729 2304 dicit
741 2249 776 2316 L,
794 2248 873 2302 debeb
884 2250 913 2302 A
1009 2249 1064 2303 iarn
1076 2250 1101 2305 d.
1115 2265 1234 2304 neeesse

106 2371 203 2426 fratres
221 2372 321 2461 Rege}
424 2344 496 2423 cobis
514 2371 545 2424 E
645 2370 841 2424 deerrarunt
862 2369 892 2432 T,
923 2348 1037 2422 crucifero
1054 2369 1078 2434 (⁴
1095 2370 1106 2419 i
1124 2370 1232 2434 gestem

107 2467 138 2519 in
155 2469 215 2535 neq.)
233 2469 268 2531 A,
299 2466 408 2519 treebui
426 2465 508 2528 Μ’,
541 2470 647 2533 gestare
664 2465 733 2519 Dm
751 2468 795 2531 (ecc
812 2467 893 2530 corr.)
911 2463 941 2517 F
955 2462 977 2530 (i
995 2465 1111 2516 tractare
1130 2463 1161 2515 in
1179 2477 1233 2531 my.

106 2567 141 2605 m.
159 2554 200 2615 2),
237 2555 335 2604 sectere
357 2550 398 2616 0¹,
434 2551 529 2604 eoctmi
547 2550 615 2620 Περ.
634 2552 654 2604 2
671 2549 731 2621 dfe
834 2548 915 2602 hodiu
934 2549 973 2614 A,
1009 2548 1068 2602 odio
1087 2563 1121 2601 ex
1140 2546 1232 2601 odium

107 2637 140 2691 Η
239 2637 290 2689 240
308 2635 448 2704 flagrantis
469 2637 502 2690 ἸἸ
519 2639 597 2703 (corr.
611 2654 645 2691 m.
656 2639 685 2702 2)
704 2636 747 2702 2¹,
779 2635 923 2703 flagrantes
941 2637 979 2701 (ee
997 2636 1029 2687 in
1040 2638 1105 2698 roo.)
1125 2634 1164 2688 E*

106 2721 208 2776 obolire
229 2722 262 2775 ΤΙ
291 2721 391 2776 ebolire
409 2738 478 2777 corr.
496 2725 562 2776 m.2
657 2725 830 2776 monumenta
849 2719 1117 2786 TE¹F¹K¹L¹R¹Z¹‚
1147 2720 1233 2775 moni-

107 2809 272 2863 meetseren.
376 2809 424 2863 241
449 2810 535 2878 edque
562 2808 587 2862 Τ
588 2810 615 2863 b¹
718 2809 831 2862 forsibnn
849 2809 876 2861 A
979 2807 1029 2861 243
1051 2806 1119 2860 fucit
1137 2808 1164 2860 A

106 2905 257 2975 adoptiuoe]
278 2923 321 2974 ·p·
341 2921 374 2958 uo
387 2921 456 2959 corr.
473 2908 538 2958 m.2
558 2905 583 2957 Τ
672 2904 768 2974 glorie]
782 2904 892 2972 ignatio
909 2902 949 2957 Ρ
1050 2901 1102 2955 244
1120 2916 1232 2956 sunum·

107 3041 227 3082 ruonnvn
244 3040 344 3080 neuun
362 3040 440 3080 nuum
467 3026 567 3079 Teum
584 3024 642 3078 rell.
730 2996 863 3077 sedtifioet
877 3039 910 3076 ur
926 3023 958 3089 T,
985 3019 1167 3075 sanctificetur
1180 3020 1233 3076 80²

107 3129 165 3183 cod.
182 3129 278 3183 Arete.
297 3127 375 3182 Onne.
399 3127 472 3196 Spin.
490 3127 591 3181 Poelm.
609 3127 696 3181 Febr.
783 3110 832 3180 dus
851 3111 881 3180 de
898 3125 923 3178 A
1011 3123 1062 3177 245
1080 3124 1236 3191 eorporer

107 3250 176 3319 Boe.
189 3253 212 3315 1,
242 3250 346 3316 pectore
362 3247 421 3302 rell.
515 3246 565 3301 246
583 3213 629 3300 um
646 3247 675 3300 P
689 3261 757 3301 corr.
776 3247 843 3300 m.2
929 3257 1073 3297 mereamor
1093 3242 1124 3308 Y,
1154 3243 1234 3295 meri·

107 3387 183 3424 emur
201 3370 228 3423 A
329 3368 379 3422 247
403 3370 505 3421 ennunb
530 3368 560 3432 Τ,
591 3340 673 3420 addet
695 3372 736 3431 A,
768 3368 871 3419 onnunb
888 3365 920 3418 in
936 3379 992 3418 roe.
1011 3363 1048 3426 K.
1078 3362 1181 3416 odnuet
1199 3361 1234 3428 L,

108 3491 205 3548 annuit
227 3491 293 3561 ch.
312 3495 342 3554 4,
372 3491 473 3544 annuet
496 3488 571 3557 spe.
596 3489 696 3542 Poelm.
722 3488 757 3542 nd.
861 3458 934 3569 prin}
959 3485 985 3538 T
999 3500 1069 3541 corr.
1092 3485 1166 3537 m.2

108 3597 190 3666 sicut]
209 3597 246 3649 sic
264 3597 292 3650 P
386 3594 503 3648 benedici
521 3592 637 3647 heridem
659 3591 831 3659 T(heredem
848 3606 919 3644 corr.
937 3605 972 3641 m.
991 3590 1029 3655 2),
1060 3586 1111 3639 -ier
1128 3585 1161 3639 in
1178 3601 1235 3641 rae.

108 3702 145 3755 2²
252 3699 304 3754 248
329 3698 367 3766 ee]
395 3699 434 3751 sic
459 3714 477 3767 9
586 3695 678 3780 iubent
707 3695 742 3747 T¹
767 3700 839 3761 (coep.
866 3708 900 3745 m.
918 3695 947 3758 2)
1050 3686 1235 3742 benedicimus

108 3805 210 3875 Beni
312 3801 363 3857 249
390 3815 533 3855 eovnuunu
560 3814 680 3853 neonem
706 3812 786 3852 nuum
814 3796 921 3850 Teum
941 3793 999 3847 roll.
1102 3789 1238 3844 oduenind

108 3909 175 3964 Am
278 3923 389 3974 rognum
407 3909 484 3958 tuum
503 3908 543 3969 A,
573 3919 685 3972 regnum
703 3903 814 3955 caeleste
832 3899 932 3954 Porrb.
1036 3897 1141 3992 i³¹ffl¹¹⁰
1161 3900 1237 3961 (num

106 4049 126 4086 o
142 4049 177 4087 m.
195 4033 224 4099 2)
246 4031 275 4096 Τ,
310 4029 420 4083 iomiom
443 4043 546 4096 qnoque
568 4027 593 4080 V
613 4023 670 4078 eod.
688 4025 785 4077 Arete.
803 4037 864 4076 cum
880 4036 965 4075 cono.
984 4017 1058 4072 editt.
1164 4016 1238 4070 scili·

109 4153 147 4207 cit
173 4153 207 4207 ΤΙ
309 4150 361 4204 250
383 4120 456 4218 iddio
482 4147 599 4201 Toorr.
616 4147 688 4200 m.2
791 4114 881 4196 nicene
904 4141 937 4196 K
952 4155 1022 4195 corr.
1040 4153 1074 4191 m.
1093 4139 1124 4200 2,
1157 4109 1238 4191 unedo

108 4255 144 4310 2¹
246 4270 323 4308 enum
345 4251 410 4307 Tot
428 4251 464 4305 ad.
808 4215 814 4227 ⁸
