2774 4830
105 336 170 405 318
576 338 759 406 epponem.

105 530 134 589 iu
158 536 274 603 terram,
298 532 411 605 quando
432 530 499 589 aliis
522 548 580 591 non
602 530 804 603 manifestant,
829 529 884 590 hoe
911 532 1060 606 estquod
1085 530 1159 591 dicit
1181 518 1241 593 ‘lue

103 652 161 694 non
198 630 345 705 camrem',
382 632 467 707 culpa
502 634 619 694 illorum
655 634 779 703 scilicet,
813 634 864 706 qni
895 633 1041 694 talamum
1076 634 1238 697 infodiunt

104 738 350 797 Procliuioris
383 737 525 797 lubrici
556 738 584 796 ·i·
618 735 831 797 inclinationis.
876 737 970 796 Vnum
1002 738 1154 813 accipitur
1187 754 1239 813 pro

103 839 168 909 tuo,
205 840 291 914 quasi
329 838 436 899 diceret
470 834 659 913 ‘procliniorie
693 834 892 909 lubricitatis',
925 856 982 899 non
1015 844 1063 899 est
1104 840 1137 901 in
1172 858 1236 903 usu.

103 942 229 1003 Lubrum
258 942 366 1002 dicitur
395 942 484 1002 rasile
513 943 621 1015 lignum
651 942 679 1000 ·i·
706 958 764 1001 non
793 941 920 1016 planum,
948 942 1028 1003 unde
1050 942 1168 1004 lubrica
1192 960 1261 1003 ress

103 1063 158 1106 non
181 1046 278 1122 plana,
303 1046 380 1106 unde
403 1045 534 1119 labimur,
557 1046 607 1105 sed
629 1044 678 1105 lric
699 1062 751 1118 pro
773 1048 891 1119 paccata
913 1045 1039 1119 ponitur.
1079 1044 1235 1123 Clipeos

102 1150 210 1209 dicitnr
231 1150 322 1209 maius
344 1152 474 1219 scutum
497 1149 591 1222 clepte
612 1164 715 1222 graece
738 1148 838 1218 turam,
861 1148 928 1207 inde
950 1147 1062 1221 clipeus
1086 1144 1154 1209 ἀπὸ
1176 1156 1234 1210 tori

6 1284 29 1327 e.
42 1276 64 1319 c.
77 1276 91 1315 o
104 1252 253 1315 κλέπτειν
274 1250 316 1312 τὰ
337 1251 472 1331 σώματα
488 1253 514 1312 ·i·
530 1251 652 1311 iumudo
667 1268 796 1326 corpora.
827 1252 1021 1327 llellitum,
1039 1250 1243 1315 dulcoratum.¹

105 1354 209 1415 Viam
231 1355 431 1416 libertatis
448 1355 574 1431 appellet
590 1354 762 1414 catholicam
776 1354 871 1427 tidem,
887 1355 937 1414 ubi
953 1358 1000 1415 est
1015 1372 1087 1415 uera
1102 1354 1234 1417 libertas.

102 1457 178 1529 Qua
204 1458 405 1518 occasione
435 1459 462 1517 ·i·
484 1458 546 1517 siue
573 1474 625 1531 per
652 1460 773 1516 metrum
806 1458 880 1521 siue,
896 1474 949 1532 per
977 1474 1117 1531 prosam;
1147 1475 1263 1533 prosae

3 1592 26 1635 p.
39 1584 61 1631 c.
74 1584 88 1623 s
102 1577 170 1620 uero
192 1563 240 1622 eet
261 1560 356 1620 soluta
378 1562 479 1621 oratio.
522 1561 706 1635 Egregius
728 1560 834 1620 dicitur
855 1561 940 1635 quasi
963 1578 978 1621 e
1001 1578 1094 1637 grege
1113 1564 1233 1635 electus,

101 1664 152 1739 qui
179 1680 231 1739 pro
259 1680 311 1723 suo
340 1663 443 1724 merito
472 1667 504 1723 et
530 1666 688 1724 sanctitate
716 1668 888 1738 segregatur
917 1681 935 1723 s
967 1680 1068 1739 grege,
1098 1670 1130 1725 et
1159 1668 1233 1727 sient

100 1767 222 1830 eximius
249 1769 285 1827 ab
313 1768 459 1827 eximendo
483 1770 511 1828 ·i·
539 1768 710 1842 separando.
755 1766 1062 1828 demissioribus
1096 1768 1178 1831 alis
1207 1772 1232 1829 ·i·

100 1869 317 1931 inmissioribus
339 1871 453 1946 pennis.
499 1871 606 1945 Aquila
630 1872 746 1947 quando
773 1869 832 1929 alte
861 1869 951 1947 uolat,
983 1876 1122 1934 extensas
1154 1878 1233 1934 tenet

101 1973 172 2048 ales,
195 1974 311 2050 quando
333 1992 401 2035 uero
424 1976 460 2034 ad
481 1978 599 2047 terram,
619 1975 743 2035 retrahit
757 1976 813 2034 sibi
831 1974 903 2047 alas,
919 1976 962 2034 ita
976 1978 1007 2034 et
1021 1982 1054 2034 tu
1069 1993 1131 2037 non
1146 1978 1260 2038 debesrs

100 2095 213 2155 semper
243 2080 319 2139 altas
349 2080 444 2153 legere
471 2079 642 2154 scripturas.
687 2077 750 2137 Hoc
768 2080 839 2139 dicit
859 2082 976 2153 propter
998 2095 1084 2140 snum
1106 2098 1230 2141 carmen.

3 2210 25 2253 e.
39 2184 298 2249 usdntietare
331 2181 452 2243 dicimus
484 2181 667 2256 praecellere,
700 2182 767 2242 inde
799 2184 921 2243 antistes
954 2182 1059 2241 dicitur
1092 2199 1127 2243 eo
1158 2182 1231 2259 quod

99 2287 194 2346 anteit
227 2284 408 2360 praecellens
440 2302 547 2345 omnes.
592 2284 795 2361 'tyrocinio
828 2285 857 2345 id
892 2287 938 2343 est
971 2286 1062 2359 primo
1085 2288 1230 2361 tempore;

99 2388 272 2463 tyrocinium
306 2388 427 2447 dicimus
464 2389 588 2462 primum
621 2390 736 2462 tempus
769 2387 907 2458 militiae;
943 2390 1061 2463 tyrones
1094 2387 1232 2449 dicuntur

99 2492 186 2552 rudes
207 2490 315 2550 milites
338 2490 365 2549 ·i·
388 2492 481 2564 pueri,
499 2491 549 2567 qui
563 2493 735 2550 exercebant
750 2507 781 2550 se
797 2491 833 2550 ad
849 2492 945 2565 palum
961 2491 992 2549 in
1008 2506 1109 2565 campo
1125 2491 1262 2551 Martios

98 2598 128 2656 et
150 2595 297 2655 iaciebant
321 2595 395 2655 ictus
418 2597 571 2670 aliquando
594 2596 709 2668 caesim,
734 2596 887 2669 aliquando
907 2594 1046 2668 punctim,
1071 2602 1100 2652 et
1115 2596 1168 2670 qui
1183 2612 1230 2655 eos

98 2698 271 2759 instituebat
294 2698 485 2773 campidoctor
510 2700 674 2759 uocabatur.
718 2699 882 2758 Pacatus
900 2696 927 2756 .i·
947 2696 1094 2771 pacificus,
1110 2700 1184 2772 quia
1197 2714 1230 2757 eo

97 2806 234 2877 tempore,
264 2804 377 2877 quando
406 2799 541 2862 Sedulius
568 2802 640 2862 iecit
667 2803 745 2862 huno
773 2801 889 2871 librum,
919 2798 1007 2858 Alani
1038 2801 1070 2858 et
1096 2798 1231 2861 Wandali

98 2906 254 2967 uastabant
291 2905 418 2968 ltaliam.
462 2906 652 2966 Aetutiam
686 2907 712 2965 ·i·
745 2906 937 2980 prudentiam,
976 2902 1086 2962 astutia
1123 2904 1231 2965 dicitur

1 3037 23 3080 o.
37 3028 58 3075 a.
72 3032 84 3071 r
98 3008 134 3069 ab
159 2995 243 3069 ‘astu'
268 3012 380 3069 nomine
407 3008 614 3070 indeclinabili.
659 3008 890 3069 Gallicanum
916 3023 1031 3080 aequo
1048 3007 1076 3065 ·i·
1091 3007 1262 3067 similiteres

97 3114 296 3188 presbyterum
319 3113 396 3173 sicut
418 3113 480 3175 alii.
524 3112 760 3172 Mitissimum
779 3112 806 3170 ·i·
829 3111 915 3171 ualde
937 3114 1133 3185 mansuetum,
1150 3111 1230 3170 mitis

98 3215 205 3275 dicitur
236 3216 321 3288 quasi
355 3218 460 3275 mutue.
504 3215 687 3275 liruditus
722 3215 747 3273 i·
782 3214 861 3274 rudis
890 3214 996 3273 dicitur
1025 3228 1129 3283 nouus,
1163 3214 1230 3272 iude

96 3319 226 3378 eruditus
240 3317 324 3392 quasi
339 3319 373 3376 de
395 3334 461 3377 rure
484 3317 616 3377 sublatus
631 3318 656 3377 ·i·
680 3317 717 3377 ab
731 3317 897 3392 ignorantia
913 3316 1014 3375 ductus
1030 3319 1060 3375 et
1076 3316 1108 3375 in
1124 3315 1230 3375 doctri·

96 3437 151 3481 nae
179 3419 290 3479 sinibus
320 3418 485 3479 collocatus.
531 3419 829 3494 Simplicitatem
858 3418 1052 3479 columbae
1085 3434 1110 3478 s.
1141 3417 1231 3478 habet

95 3524 280 3599 Laurentius,
304 3524 373 3599 quia
394 3525 429 3583 ad
452 3524 505 3582 hoc
524 3523 637 3598 uigilet,
660 3526 762 3583 utnon
780 3524 866 3584 alium
883 3522 1020 3596 decipiat,
1043 3522 1079 3581 ab
1096 3522 1156 3583 alio
1172 3538 1262 3582 nonar

95 3628 257 3703 decipiatur
272 3629 348 3688 sieut
363 3626 501 3687 columba.
536 3626 626 3687 Vere
647 3626 804 3687 felicem:
826 3627 929 3688 alludit
951 3627 985 3685 de
1001 3626 1114 3685 nomine
1130 3629 1227 3700 poeta.

146 3834 373 3947 dinclinstioriie
391 3866 417 3916 A
435 3878 505 3919 corr.
524 3865 597 3918 m.2
699 3861 859 3931 liolyppeus
876 3861 903 3915 B
1009 3859 1139 3931 iclepte]
1158 3860 1229 3928 fort.

94 3966 196 4035 clepere
213 3966 250 4033 cf.
267 3966 372 4021 Acccd.
392 3966 654 4034 Hclo.p.238,12
756 3963 855 4033 clepsin
874 3967 901 4017 to
921 3966 1024 4017 somate
1041 3962 1081 4023 A.
1111 3962 1229 4033 clypsyn

96 4056 124 4106 to
142 4069 162 4107 s.
181 4053 208 4106 B
313 4054 342 4107 ll
363 4053 385 4122 e]
404 4071 420 4105 a
438 4051 492 4106 AB
598 4052 630 4107 12
651 4052 807 4119 segregatus
830 4051 857 4103 A
959 4050 992 4103 21
1015 4050 1229 4118 caesi—puncti

94 4172 149 4228 sn
251 4173 285 4228 su
311 4146 739 4242 colcollocatus
842 4170 877 4224 eo
902 4157 939 4239 qi
965 4171 1005 4233 A.
1036 4154 1099 4237 quir
1127 4169 1157 4223 s

94 4265 168 4348 alani
187 4300 259 4359 (man
278 4309 297 4346 a
314 4310 349 4347 m.
367 4297 396 4359 2)
421 4297 446 4347 A
558 4291 733 4376 want—andeli
758 4295 784 4345 A
894 4290 928 4344 24
951 4273 1049 4377 austun
1071 4288 1113 4351 A,
1144 4293 1227 4343 austu

93 4379 121 4435 B
223 4380 258 4433 25
275 4377 462 4433 indeclinabile
482 4379 509 4433 B
