2774 4830
492 332 643 387 Paschal.
665 332 784 403 Operis
805 332 875 395 Lib,
892 332 923 388 V.
1206 334 1269 401 279

145 538 244 603 usque
266 522 299 585 in
321 524 429 587 aedem
451 520 600 607 principis
627 521 822 588 sacerdotum
851 520 975 587 Domini
1003 522 1140 607 uestigia
1162 523 1267 589 subse·

145 627 249 697 cutus,
272 622 353 706 quod
375 644 411 689 er
434 625 499 689 eius
522 624 720 690 cardellam
742 625 807 707 ipse
827 624 990 709 discipulis
1003 628 1053 690 ter
1066 630 1115 690 est
1129 626 1266 711 agnitus,

145 732 196 790 ter
232 727 370 809 negauit.
415 729 447 792 et
482 728 596 811 gallus,
634 726 697 793 diei
730 727 868 803 nuntius,
901 727 1043 795 cantauit
1078 727 1268 812 impletoque

144 829 270 895 diuinae
293 830 462 896 sanctionis
485 830 609 897 oraculo
631 830 757 913 pristini
780 848 899 914 quoque
920 848 1031 897 sensus
1053 833 1171 898 reuersi
1191 834 1268 897 sunt

122 933 248 1013 ePetro,
272 933 325 1017 qui
346 933 530 1000 memoriam
552 934 661 1019 culpae
684 935 867 1017 recolligens
887 935 1053 1001 obliuionis
1075 934 1109 999 in
1123 952 1156 1001 se
1171 935 1266 1001 cesti-

143 1037 234 1119 gauit
249 1056 398 1115 errorem;
414 1037 595 1123 gemituque
611 1038 758 1101 continuo
773 1043 977 1121 prosequente
993 1040 1118 1120 peccata
1129 1037 1265 1121 lugiunt,

143 1140 258 1206 delicta
280 1141 444 1206 discedunt
466 1143 498 1205 et
519 1141 721 1207 lacrimarum
747 1139 862 1206 imbres
885 1140 974 1205 effusi
998 1140 1121 1207 dnloem
1142 1143 1267 1208 ueniam

143 1244 266 1309 ltetibus
308 1245 512 1310 amarissimis
553 1245 761 1311 contulerunt.
806 1244 983 1329 apostolicis
1018 1245 1116 1329 igitur
1152 1244 1266 1312 eruditi

142 1348 290 1412 debemus
324 1349 470 1431 exemplis
503 1348 571 1413 uim
605 1349 814 1431 poenitentiae
850 1352 1057 1431 meritumque
1094 1348 1265 1443 dinoscere,

104 1453 181 1518 rout
202 1452 321 1518 talibus
344 1452 489 1519 remediis
505 1452 683 1519 adnitentes
697 1451 737 1519 ab
753 1452 929 1517 animarum
945 1452 1129 1536 fatigatione
1146 1456 1267 1517 namra·

143 1574 214 1620 nrm
242 1556 417 1621 mortiferos
448 1552 624 1622 mereamur
650 1556 773 1621 morbos
803 1556 973 1623 excludere
1011 1555 1038 1620 si
1061 1556 1144 1620 enim
1166 1554 1267 1621 noxiis

142 1661 367 1742 cogitationum
389 1661 516 1725 uenenis
539 1664 594 1725 aut
620 1663 747 1725 actuum
770 1661 818 1725 uel
834 1661 931 1725 etiam
946 1658 1102 1743 contagiis
1116 1656 1267 1724 fuerimus

142 1764 282 1845 turpium
306 1765 437 1829 sauciati
458 1780 645 1841 sermonum,
668 1766 707 1829 ad
721 1764 957 1829 saluberrimam
972 1762 1179 1844 poenitentiae
1195 1777 1267 1826 mon

141 1866 282 1932 nitamur
304 1866 468 1951 coningere
491 1867 690 1946 medicinam,
712 1868 864 1949 quatenus
887 1865 1025 1931 dolentes
1047 1863 1190 1945 exculpe
1205 1881 1266 1930 non

103 1968 303 2034 redoleamus
327 1988 362 2033 er
384 1986 492 2053 poena,
515 1968 716 2035 lacrimantes
731 1989 765 2034 en
788 1968 916 2034 uulnere
937 1987 999 2034 non
1016 1967 1213 2034 lacrimemus
1227 1984 1266 2031 ex

142 2075 252 2136 morte.
288 2090 345 2136 nec
377 2078 482 2137 tamen
515 2073 743 2154 poenitentiam
777 2072 891 2137 futuris
925 2091 1067 2156 paremus
1100 2069 1265 2147 erroribus,

140 2176 195 2240 scd
218 2176 394 2258 praeteritis
417 2176 618 2241 adhibeamus
640 2177 796 2242 admissis.
833 2175 890 2241 sub
905 2175 1117 2258 indulgentiae
1132 2190 1265 2255 namque

141 2278 257 2344 fiducia
284 2279 498 2361 delinquentes
528 2278 657 2344 diliicile
688 2279 812 2344 ueniam
845 2281 1051 2345 consecuntur
1084 2276 1264 2360 optabilem,

141 2400 236 2463 quam
270 2380 329 2445 sibi
363 2380 501 2464 plerique
533 2385 766 2465 praesumptum
798 2382 967 2447 securitate
998 2381 1194 2464 pollicentur,
1231 2382 1267 2444 ut

103 2487 279 2567 sopeccent.
313 2502 385 2549 naun
412 2488 444 2550 et
468 2485 568 2550 Dauid
589 2485 739 2568 propbeta
760 2484 913 2549 mirabilis
943 2486 1018 2549 dum
1039 2482 1265 2567 indulgentiam

140 2588 303 2670 praeteriti
330 2589 500 2671 postularet
528 2590 648 2665 erroris,
680 2592 716 2654 ut
738 2590 817 2655 hanc
843 2590 965 2655 facilius
988 2589 1180 2674 impetraret,
1211 2606 1267 2670 per

140 2691 352 2771 ignorantiam
368 2711 400 2756 se
417 2692 581 2775 deliquisse
601 2692 656 2757 tali
673 2710 762 2773 prece
785 2693 938 2775 signauit:
962 2690 1110 2756 delicta
1131 2691 1265 2756 iuuen-

244 2876 278 2929 22
295 2878 329 2930 ci.
348 2876 419 2931 Psal.
438 2876 481 2941 24,
500 2877 515 2929 l

194 3050 209 3102 l
227 3048 275 3117 ede
292 3050 326 3113 P,
355 3050 422 3103 ades
440 3050 491 3105 Bo
585 3050 764 3120 subsequutus
780 3052 808 3105 P
901 3054 918 3106 2
935 3037 963 3105 ee
980 3052 1077 3105 aetiam
1095 3066 1153 3105 curn
1171 3050 1198 3104 P

139 3134 198 3203 ipse
220 3151 270 3188 om.
294 3134 322 3190 Β
425 3141 467 3189 est
488 3152 538 3191 cm.
562 3138 590 3192 It
693 3138 805 3207 agnitus
826 3143 854 3192 et
877 3138 905 3191 P
1004 3138 1022 3191 3
1043 3137 1080 3206 et]
1098 3152 1149 3192 om.
1172 3136 1201 3191 P

138 3221 289 3274 cantitauit
307 3222 333 3276 Β
434 3221 562 3291 ldiuinq
579 3238 612 3275 ex
629 3221 724 3291 deninq
742 3223 769 3276 Β
863 3223 969 3292 pristini
987 3239 1023 3277 cc
1040 3222 1152 3292 prestini
1170 3222 1198 3276 Β

138 3307 158 3360 5
177 3321 228 3375 quq
245 3307 272 3360 Β
370 3308 496 3362 memoria
514 3308 548 3362 H
643 3310 763 3364 terrore
781 3310 808 3363 P
904 3308 1006 3378 lugunt
1023 3308 1052 3363 P
1146 3308 1162 3361 *l
1181 3308 1266 3363 deecc-

139 3424 210 3480 duut
227 3427 260 3481 H
354 3394 446 3483 ducem
465 3430 485 3493 (l
504 3446 536 3482 ne.
555 3431 585 3495 2)
603 3428 638 3483 Η
736 3429 754 3484 9
771 3428 897 3498 exemplis
914 3429 1040 3484 debemus
1058 3445 1074 3484 o
1170 3428 1265 3498 digno·

139 3528 212 3567 scere
229 3528 245 3567 a
347 3514 514 3569 uitalibus·-
524 3519 556 3568 nt
572 3516 606 3569 ab
623 3533 640 3570 o
737 3514 878 3585 premediis
896 3516 924 3570 P
1025 3515 1059 3569 12
1076 3515 1265 3583 cogitationem

139 3598 169 3653 P
270 3604 358 3655 actua
376 3604 433 3669 (um
451 3606 531 3666 eras.)
551 3601 593 3663 H,
623 3606 718 3657 actuo
821 3602 938 3673 contagii
959 3602 986 3655 P
1089 3601 1265 3670 liquoribus

138 3736 226 3791 PHB
332 3739 362 3792 lb
390 3691 551 3791 uulneressex
572 3742 656 3792 morte
682 3738 711 3793 P
813 3738 844 3793 ld
871 3738 957 3792 iuturi
985 3737 1013 3793 P
1114 3737 1145 3790 17
1172 3736 1264 3805 pteriti

140 3857 168 3910 P
269 3856 425 3911 adibesmus
447 3857 480 3911 Η
580 3857 685 3912 amissis
708 3856 741 3923 P,
771 3824 905 3913 ammissit
923 3858 951 3923 (d
968 3874 1002 3912 m.
1020 3862 1050 3926 Β)
1066 3858 1103 3924 Β,
1131 3858 1265 3913 ommissis

137 3940 200 3995 ΗΒ
334 3940 505 4013 indulgentia
533 3942 561 3998 P
698 3944 730 3997 19
756 3960 860 3999 summa
887 3946 921 4009 P,
950 3948 1120 4015 praesumpta
1145 3946 1197 3999 Bo

137 4060 170 4114 ar
193 4045 285 4129 pirna
309 4063 337 4118 P
438 4062 488 4116 rrae
511 4064 544 4129 P,
574 4036 625 4118 nal
646 4063 675 4119 rs
783 4062 818 4117 aa
840 4064 896 4118 aare
916 4064 958 4129 R,
988 4064 1206 4131 anatome)
1229 4063 1264 4128 rs,

136 4180 239 4234 talibus
265 4197 282 4236 o
401 4183 483 4251 prece]
507 4148 538 4251 pe
561 4184 595 4246 P,
631 4198 709 4238 eoam
735 4186 767 4239 ia
793 4183 835 4249 Η,
870 4185 958 4253 praeci
985 4185 1015 4250 1,
1052 4200 1115 4253 prae
1141 4201 1170 4239 oe
1194 4184 1264 4241 soal.

138 4264 202 4321 Iar.
306 4267 422 4321 inuentis
440 4268 476 4331 P,
506 4269 659 4324 iuuentutis
677 4286 784 4325 mesco
