2774 4830
152 326 218 395 292
648 328 785 383 Sedulii

152 514 222 583 hoc
242 536 300 583 me
322 514 442 582 Pater
463 516 619 600 diligit,
645 515 744 599 qnod
765 534 835 600 ego
855 534 950 601 pono
971 517 1141 585 animam
1162 536 1286 587 meam

153 620 354 685 etiterum
376 619 571 703 accipiam
593 638 684 685 earn.
708 636 815 685 nemo
835 619 954 685 tollit
975 638 1058 686 earn
1079 639 1101 686 a
1120 640 1198 703 me,
1219 626 1285 689 sed

152 740 220 808 ego
242 741 342 807 pono
364 742 444 789 eam
463 741 483 788 a
503 740 577 790 me:
598 726 842 808 potestatem
865 723 987 789 habeo
1008 724 1182 806 ponendi
1203 743 1284 792 ean

152 832 191 893 et
219 830 459 912 potestatem
490 825 610 892 habeo
643 826 790 893 iterum
821 827 1052 911 aecipiendi
1085 846 1179 894 earn.
1216 828 1285 893 hoe

152 933 375 997 mandatum
404 930 542 1013 accepi
565 948 585 995 a
607 930 737 996 Patre.
775 930 846 1013 quis
874 931 980 1013 itaque
1008 933 1107 1014 possit
1137 931 1316 999 dubitares

153 1036 205 1100 uel
233 1034 346 1099 audeat
370 1036 519 1117 eumeni
541 1050 633 1099 suam
654 1051 767 1117 ponere
789 1033 880 1099 licuit
902 1036 1039 1099 animam
1061 1054 1133 1101 cum
1156 1034 1282 1115 liberet,

152 1136 289 1221 potuisse
309 1152 431 1219 quoqne
451 1154 610 1202 resumere
632 1156 704 1203 oum
725 1137 876 1222 placeret,
905 1141 938 1202 et
951 1136 1033 1204 hanc
1047 1138 1079 1203 in
1095 1156 1168 1205 eeee
1182 1140 1283 1223 magia

154 1242 272 1325 operari
293 1241 454 1318 uirtutem,
477 1260 572 1324 quam
596 1242 744 1325 dignatus
767 1246 817 1308 est
831 1243 865 1306 in
882 1241 1029 1325 plurimis
1043 1242 1284 1309 demonstraret

153 1348 334 1411 reserantur
354 1344 435 1409 fores
457 1362 529 1410 ecce
549 1348 703 1411 tartareae
717 1343 842 1411 Christo
864 1346 1009 1410 ueniente
1029 1344 1179 1429 deiectae,
1195 1348 1283 1429 patet

154 1448 276 1513 inferna
309 1451 392 1512 retro
426 1448 490 1514 iam
523 1448 646 1525 semita,
679 1451 870 1531 rumpuntur
903 1466 986 1526 saro,
1022 1447 1155 1513 dnditnr
1187 1452 1318 1523 terrae

154 1552 329 1621 naouantur
349 1552 513 1635 sepulchra
526 1551 716 1635 corporibus,
738 1552 907 1617 reuiuescit
920 1550 1014 1616 turba
1028 1556 1229 1625 mnctornmz
1253 1556 1284 1615 et

153 1674 193 1720 ne
207 1654 284 1720 fides
298 1654 458 1721 deiecisset
472 1656 505 1719 in
521 1655 655 1735 credulo,
671 1654 849 1737 agnoscitur
860 1652 1091 1739 resurgentium
1102 1654 1284 1721 multitude.

103 1762 230 1839 ”tnnc
256 1760 337 1824 illud
366 1776 486 1842 quoqne
507 1758 661 1842 templum
684 1760 839 1843 mirabile,
862 1761 993 1843 plenum
1016 1757 1180 1843 religionis
1202 1758 1285 1823 anti·

154 1878 242 1945 qnae,
260 1862 387 1927 maioris
407 1862 520 1945 templi
543 1862 681 1928 eulmina
695 1862 843 1928 condisse
858 1862 1061 1947 conspiciens,
1077 1863 1168 1927 uelut
1181 1860 1284 1925 alum·

154 1985 214 2033 nus
241 1966 343 2033 tristis
372 1968 405 2032 et
432 1966 593 2050 ingemens
613 1966 774 2049 proprium
800 1966 929 2033 dederet
961 1968 1130 2043 auctorem,
1154 1964 1318 2032 tirones

155 2072 296 2154 protinus
317 2072 388 2136 uelo
410 2071 529 2136 nudum
551 2070 676 2135 nunctis
699 2074 806 2152 pectus
828 2069 974 2147 ostendit,
997 2067 1285 2134 intertoraseilicet

155 2174 317 2239 euidenter
354 2190 469 2238 arcana
502 2174 646 2256 gentibus
686 2174 851 2239 reseranda
878 2172 1058 2257 significans
1089 2176 1122 2236 et
1157 2170 1284 2253 populis

155 2276 288 2343 fideliter
309 2276 477 2359 adfuturis,
500 2277 644 2359 quoniam
667 2276 726 2360 lex,
749 2294 827 2359 quae
844 2275 902 2341 sub
918 2275 1026 2359 Moyse
1047 2274 1206 2340 uelamine
1229 2274 1285 2338 diu

155 2382 240 2446 tecta
260 2381 442 2464 permansit,
466 2378 592 2445 Christo
613 2379 702 2446 nobis
722 2379 910 2445 adueniente
932 2380 1109 2462 perclaruit
1148 2377 1200 2443 dic
1214 2395 1282 2459 age,

155 2502 238 2551 mors
266 2484 369 2550 tristis
396 2486 429 2549 et
456 2485 563 2567 impia,
592 2502 676 2549 nnnc
704 2486 759 2550 ubi
786 2487 842 2549 tna
868 2487 910 2549 sit
932 2484 1037 2549 feralia
1059 2482 1116 2547 illa
1137 2480 1319 2557 uictoriae

154 2607 237 2653 nunc
258 2586 314 2652 ubi
335 2587 481 2653 stimulus
502 2590 675 2653 execranda
695 2587 755 2652 tibi
786 2589 927 2653 eeruiene
947 2588 987 2651 ad
1008 2584 1182 2669 sepulchra,
1205 2601 1284 2666 quae

155 2693 315 2774 aprirnne
336 2691 546 2775 generationis
568 2690 696 2757 interitu
719 2692 816 2756 nullis
839 2708 989 2774 umquam
1010 2686 1284 2755 saturetalnneri·

155 2793 216 2861 bus
238 2795 414 2861 humanum
434 2813 532 2878 genus
562 2794 714 2860 inuadens
742 2796 874 2860 miserae
901 2794 981 2859 soles
1009 2792 1175 2876 fragilitati
1209 2809 1284 2873 poe·

157 2898 222 2964 nali
250 2917 372 2982 semper
403 2897 522 2964 dicione
558 2898 734 2965 dominari?
770 2917 841 2963 eece
876 2916 961 2962 nnnc
990 2898 1029 2962 ad
1060 2895 1220 2961 Christum
1249 2894 1284 2957 tu

156 3001 291 3084 pessima
320 3020 380 3067 uon
410 3002 534 3085 uenisti,
563 3001 617 3067 sed
648 3002 688 3066 ad
709 3002 741 3065 te
769 2999 911 3065 Christus
934 2999 1018 3064 ultro
1040 2996 1212 3081 descendit,
1235 2996 1321 3064 cuias

158 3105 224 3170 sine
245 3108 345 3169 morte
360 3104 451 3171 licuit
473 3107 562 3182 mori,
584 3105 637 3188 qui
660 3105 770 3170 cuncta
791 3105 933 3189 gignens,
956 3106 1067 3169 cuncta
1092 3101 1286 3167 constituens

209 3394 539 3464 tetlrus.ia11,om.o
615 3394 942 3463 nemo-ponendiooao
1022 3388 1222 3447 5dubitariH

158 3481 245 3535 6ιιοιι
263 3480 391 3537 andiate
484 3479 579 3533 libere·
596 3482 619 3547 (t
636 3484 716 3549 erus.)
734 3480 769 3533 H
863 3477 1062 3546 leonplaceret
1079 3476 1107 3531 Β
1205 3477 1289 3545 Θρι-

158 3588 218 3639 tent
235 3583 474 3639 interni-semite
491 3584 526 3637 H
629 3585 706 3637 uenie
723 3582 750 3637 Β
853 3582 887 3636 10
904 3565 1017 3635 2ιῶκῖ
1030 3586 1069 3645 (ιιι
1087 3580 1170 3647 erae.)
1189 3580 1220 3633 B

158 3674 190 3727 11
209 3670 348 3726 reuiuiscit
365 3670 416 3725 Ba
518 3671 672 3723 sanctorum
689 3684 738 3723 om,
757 3667 806 3723 Bo
909 3667 942 3721 12
960 3666 1080 3721 credulos
1096 3665 1141 3731 H,
1170 3665 1290 3719 credulis

159 3775 208 3829 Bo
310 3774 344 3828 13
361 3788 410 3828 unr
428 3788 528 3828 vnurrr
545 3786 652 3826 narrum
670 3776 785 3826 scrasvr's
802 3784 853 3824 nen
870 3769 899 3825 Β
1000 3770 1043 3824 14·
1056 3768 1169 3822 maiores
1190 3766 1221 3821 R

159 3878 285 3948 culmina]
302 3878 416 3931 sumina
433 3877 473 3944 Η,
500 3892 561 3932 curn
572 3874 685 3929 mina]
768 3875 800 3930 15
817 3872 961 3928 deflorato
1047 3871 1172 3925 diucisso
1190 3870 1222 3925 Β

160 3985 191 4039 17
218 3966 326 4037 οιιίᾱειιῐ
352 3989 381 4049 (”
409 3998 443 4037 ea
468 3984 550 4051 corr.)
578 3980 614 4035 H
729 3978 846 4033 archana
871 3977 936 4032 libri
1049 3974 1292 4045 populus-adiu·

159 4070 236 4158 turus
255 4106 275 4173 (i
293 4120 312 4156 o
328 4120 362 4158 m.
382 4106 412 4168 2)
431 4104 459 4159 R
561 4102 594 4157 18
617 4102 705 4170 lloysi
722 4102 804 4154 Areo.
908 4098 940 4153 19
959 4095 1130 4151 aduenientes
1146 4096 1188 4161 (nr
1206 4100 1293 4162 erse.)

160 4191 195 4244 Η
287 4190 447 4259 praeclaruit
466 4190 547 4246 HBo
649 4189 684 4242 22
701 4204 717 4241 a
734 4202 768 4241 cx
785 4202 815 4240 ea
832 4185 860 4240 Β
960 4183 1079 4253 prinmo
1183 4182 1222 4237 23
1240 4182 1295 4237 mi·

160 4290 243 4329 serere
261 4275 305 4341 Η,
336 4276 430 4331 misere
447 4277 475 4331 Β
577 4276 611 4330 24
628 4275 669 4345 tu]
687 4290 737 4329 eor.
755 4272 806 4327 Bo
