2774 4830
141 368 230 416 XVIII

139 555 238 604 nvun
260 553 371 603 sonna
392 539 448 619 qui
465 539 573 619 primo
594 538 698 604 luleus
711 542 766 604 eto.
793 537 845 621 (oi.
869 537 950 605 infra
973 502 1178 606 Ottobienum
1201 541 1271 624 35).

141 641 287 726 Sequitur
314 641 452 723 epistula
478 641 518 707 ad
545 640 761 708 Macedonium
789 660 886 725 usque
913 642 953 708 ad
981 644 1076 710 uerba
1097 644 1174 707 dam
1191 662 1271 725 pro·

139 743 256 829 sosius,
279 743 399 828 reliqna
421 744 575 829 epistulae
596 745 744 831 leguntur
762 745 831 830 77⁸3
852 747 925 811 inde
947 745 969 813 f.
985 748 1026 812 41
1051 765 1271 834 (1111111101

140 844 262 934 nonum
295 883 342 930 nn
374 882 560 932 movens
587 883 731 932 vannius
764 851 941 933 1111111111.
979 867 1133 934 Dissentit
1165 869 1271 933 textus

141 983 173 1045 et
195 978 269 1044 ordo
291 977 502 1061 eapitulorum
524 976 563 1042 ab
586 976 636 1057 iis,
668 997 746 1062 qnae
767 977 850 1044 inira
872 997 909 1044 ex
930 978 1153 1045 uetustioribus
1182 977 1271 1044 libris

140 1090 223 1158 edidi
250 1090 291 1156 ef.
319 1087 413 1155 IDe
445 1087 541 1155 euools
570 1089 737 1156 totototo.
776 1089 823 1155 ΙΙ
847 1089 884 1155 de
917 1089 1073 1156 edraim
1104 1096 1133 1156 ei
1162 1109 1270 1155 sarra.

148 1200 234 1268 Vde
262 1200 358 1284 uirgo
384 1200 422 1265 io
449 1199 616 1267 draconem
646 1202 765 1267 deorse.
788 1200 857 1266 III
877 1200 915 1266 de
937 1200 1002 1267 lost
1023 1207 1051 1267 ei
1072 1202 1140 1267 eius
1160 1221 1269 1267 uxore.

140 1312 230 1379 IIII
247 1312 285 1378 de
306 1313 378 1397 igue
399 1331 464 1378 non
485 1314 615 1379 ardente
638 1312 674 1376 in
695 1312 783 1379 roto.
814 1312 867 1378 VI
878 1312 916 1378 de
934 1314 1048 1381 siccato
1062 1314 1148 1379 mori
1163 1315 1268 1381 rotro.

149 1424 221 1491 VII
231 1424 268 1490 de
282 1443 360 1489 mon
385 1426 420 1508 (11
436 1445 472 1490 ex
486 1426 576 1508 oon.)
600 1424 726 1522 coelesti
741 1430 800 1491 eto.
836 1424 918 1491 Ordo
940 1425 1084 1492 foliorum
1107 1427 1199 1493 ualde
1222 1435 1270 1492 est

142 1536 302 1603 turbatus:
325 1535 347 1601 l.
365 1535 407 1601 83
421 1537 453 1600 et
467 1535 507 1601 81
530 1535 696 1620 hymnusl
719 1554 791 1602 cum
812 1536 1000 1603 carminibus
1024 1537 1188 1603 Bellesarii
1213 1536 1272 1620 (11-

142 1629 175 1706 et
195 1637 267 1723 III),
295 1637 382 1704 181
412 1637 520 1722 hymni
542 1637 576 1702 II
598 1659 628 1704 u.
653 1639 756 1704 1--61
785 1639 944 1723 leguntur.
982 1642 1028 1706 De
1051 1641 1176 1708 Alenini
1203 1640 1272 1707 uita

142 1742 330 1810 Antichristi
352 1746 384 1809 et
406 1741 546 1825 reliquis,
568 1761 647 1826 quae
662 1743 696 1808 in
711 1744 812 1809 codiee
828 1735 960 1823 exstant,
976 1745 1016 1809 of.
1033 1743 1196 1828 mialopue
1217 1743 1273 1809 des

142 1846 336 1912 manuscrits
358 1845 396 1911 do
417 1843 452 1910 la
473 1844 547 1911 edile
561 1845 599 1910 de
619 1843 769 1912 clarere
786 1847 870 1913 1840
892 1848 923 1912 et
937 1846 1039 1930 Pertz,
1054 1845 1176 1912 Archiv
1192 1847 1273 1913 VIII

142 1971 171 2036 p.
187 1951 262 2017 386.
296 1947 441 2016 Oodioem
474 1968 511 2015 ex
544 1947 606 2014 alio
635 1949 803 2033 exemplari
830 1968 940 2016 manns
969 1948 1102 2015 secunda
1131 1952 1272 2028 correxit,

142 2055 182 2121 ad
205 2072 298 2138 quem
322 2051 450 2118 eeoessit
471 2052 565 2118 tertia
579 2051 631 2130 (ei.
648 2051 694 2117 IV
710 2051 795 2138 100).
826 2053 956 2122 Glossae
970 2055 1142 2137 permultae
1157 2054 1189 2119 in
1206 2054 1278 2139 epi·

143 2158 228 2223 stula
250 2158 288 2223 ad
310 2155 527 2221 Macedonium
549 2157 580 2220 et
602 2155 634 2220 in
657 2156 772 2240 hymno
794 2157 819 2220 I.
843 2156 998 2241 leguntur.

103 2316 132 2383 R
190 2312 291 2379 Codex
307 2309 576 2394 SangallensIs
594 2309 654 2375 197
669 2310 788 2376 formae
805 2314 982 2392 quadratae,
997 2314 1183 2396 paginarum
1198 2313 1275 2393 398,

144 2417 199 2502 qui
226 2432 311 2481 nuno
338 2417 387 2479 est
415 2431 486 2478 eum
516 2413 662 2495 quattuor
684 2412 754 2479 aliis
777 2413 1014 2497 oonglutinatus
1037 2414 1090 2499 (ol.
1115 2415 1276 2495 dehortor,

151 2516 352 2587 Vereeioiuis
365 2515 421 2581 der
436 2515 512 2581 Hos.
529 2515 585 2581 der
600 2514 857 2596 soifsooototoee
870 2536 932 2582 oon
946 2517 994 2584 st.
1016 2517 1156 2601 Golden),
1173 2519 1276 2585 eonti-

144 2626 199 2690 net
212 2623 233 2688 f.
249 2620 419 2689 369-397
436 2619 554 2687 Sedulii
575 2619 722 2703 pasehale
745 2637 871 2687 oarmen
885 2619 919 2685 in
935 2625 997 2686 tres
1012 2620 1108 2687 libros
1124 2621 1276 2687 diuisum.

145 2724 274 2792 quenci
298 2741 423 2789 carmen
445 2723 558 2805 exeipit
579 2723 716 2806 epistula
731 2714 758 2788 t.
774 2723 831 2800 M..
854 2742 948 2806 quam
967 2725 1108 2806 sequitur
1123 2723 1177 2790 too
1193 2745 1278 2806 opus

144 2832 199 2896 eto.
224 2832 255 2894 et
277 2845 400 2894 carmen
422 2825 551 2906 asterii,
575 2826 687 2892 deinde
711 2823 861 2892 Sedolios
882 2826 1016 2908 epistota
1037 2827 1270 2896 Macedonio..

145 2952 216 2999 oum
239 2930 384 3015 capitulis
407 2928 482 2994 libri
503 2928 568 2994 Iet
582 2930 616 2995 ll
638 2928 677 2996 ab
701 2929 732 2993 H
748 2933 781 2995 et
795 2928 827 2994 K
848 2929 901 2995 uia
923 2928 986 2995 fere
1008 2930 1277 3015 discrepantibus;

145 3037 168 3103 s.
191 3035 256 3102 372
278 3034 423 3117 paschale
446 3051 570 3098 carmen
593 3033 714 3119 incipit.
753 3033 889 3117 Paginae
912 3032 994 3099 binis
1017 3033 1169 3099 oolumnis
1192 3034 1277 3099 dini·

146 3157 198 3207 sae
220 3154 366 3204 uersuum
388 3139 463 3201 snut
485 3136 765 3222 quadragenorum.
802 3135 881 3202 Onm
909 3137 1118 3220 quaternionis
1147 3136 1276 3220 septimi

146 3242 257 3308 folium
280 3241 428 3306 ultimum
450 3241 494 3307 sit
514 3241 668 3318 auulsum,
690 3240 800 3324 hymni
814 3242 840 3305 I.
864 3241 924 3305 dno
947 3240 1070 3306 tantum
1087 3258 1196 3305 uersus
1221 3260 1277 3305 ex·

147 3346 242 3412 stant.
280 3345 318 3409 In
347 3344 455 3409 eodem
489 3343 562 3409 lolio
590 3343 746 3408 scribendi
780 3343 868 3408 lusus
897 3342 1181 3427 deprehenduntur,
1221 3345 1278 3425 qni

147 3448 268 3515 lusibus
304 3447 425 3513 librarii
454 3445 570 3512 ood.P
600 3446 674 3510 sunt
710 3445 838 3512 similes.
876 3446 915 3511 In
951 3448 1093 3530 margine
1129 3444 1279 3511 inferiore

147 3550 343 3636 quorundam
372 3550 518 3614 loliorum
546 3548 669 3613 litterae
700 3548 763 3615 lere
791 3567 954 3615 enanuere.
993 3549 1104 3614 Manus
1139 3551 1278 3615 secunda

149 3657 338 3722 correcturas
360 3654 533 3719 atramento
555 3651 722 3718 distinctas
745 3652 876 3719 addidit.
1138 3651 1140 3655 ’

192 3826 323 3893 Saeculo
345 3824 496 3890 deoimo
520 3823 753 3890 adscribuntur:
836 3828 844 3853 ··

113 3981 134 4048 S
192 3981 293 4047 codex
316 3977 592 4063 sangallensis
615 3978 677 4042 242
699 3997 770 4063 pag.
789 3977 862 4055 272,
887 3979 939 4061 qui
961 3996 1040 4043 nune
1063 3996 1132 4042 oum
1154 3977 1278 4043 duobus

149 4083 220 4149 aliis
243 4087 289 4148 est
311 4082 556 4166 conglutinatae,
578 4081 716 4148 eontinet
737 4086 807 4164 post
829 4081 1033 4147 Aldhelmnm
1055 4100 1085 4165 p.
1107 4080 1281 4146 los-243

143 4181 270 4254 'Sedulii
300 4186 447 4271 paschale
475 4205 599 4252 oarmen
629 4185 719 4252 libris
743 4187 889 4268 quattuor
912 4184 1048 4250 diuisum
1071 4187 1102 4248 et
1124 4183 1278 4267 hymnum

149 4291 296 4376 primum.
328 4291 386 4355 Hie
408 4288 489 4354 liber
511 4287 623 4373 glossis
647 4307 719 4353 oum
740 4288 850 4354 latinis
873 4291 941 4353 tum
963 4288 1125 4352 theotiscis
1140 4291 1171 4350 et
1193 4289 1282 4353 notis
