2774 4830
1155 356 1202 403 XV

75 524 233 606 quoddam
256 521 330 587 libri
353 522 446 604 primi
469 522 488 586 t.
505 523 549 586 4⁸.
576 521 756 588 Genitorem
771 523 843 586 noti
857 525 950 602 atque
969 521 1074 603 titium
1094 523 1201 604 patris

70 632 146 708 peto
175 646 295 708 quoqne
324 629 468 690 sonetum
496 626 646 706 spiritum
673 625 849 689 trinitatem
870 624 1111 690 insubstantia
1131 647 1200 691 uno

74 732 130 794 orei
153 749 277 810 semper
303 747 363 791 sno
391 730 536 792 semmuit
563 727 691 808 faetrrro
720 728 771 790 uti
795 728 918 808 possim
943 730 993 802 (ex
1015 733 1195 811 possumus)

71 833 219 914 proferre
241 832 279 896 rte
294 830 445 913 pluribus
467 851 577 912 parurn
598 830 703 895 uerbis
725 830 798 895 ticet
818 829 949 895 rrirtihus
965 866 1005 878 -
1020 831 1091 911 quis
1113 831 1198 896 enim

74 940 192 1001 cuneta
213 935 281 1016 suri
301 935 403 1017 poteri
406 939 418 997 t
438 954 518 1016 quae
534 934 686 999 Sotuutor
701 938 813 998 nostra
827 953 925 998 ourrsn
939 933 1065 1014 fecorat.
1087 932 1198 1000 Enoch

73 1058 147 1121 erpo
170 1043 225 1103 eto.
263 1037 409 1120 Sequitur
430 1037 498 1102 Hoc
519 1056 598 1118 optes
619 1042 674 1103 etc.
703 1057 773 1102 oum
803 1038 938 1103 onrmiue
959 1037 1077 1104 Asterii
1100 1039 1198 1103 inter·

74 1160 178 1243 posita
210 1161 413 1241 inscriptione
447 1175 631 1224 enscurnrs
665 1175 828 1223 crunnus
860 1143 918 1222 me
951 1158 1053 1235 enum,
1087 1157 1198 1223 deinde

76 1263 222 1346 paschale
243 1280 367 1328 carmen
396 1264 543 1344 quottnor
565 1261 654 1326 libris
676 1260 928 1344 comprehensum
951 1279 1020 1325 oum
1043 1261 1159 1343 hymno
1182 1260 1197 1324 l

74 1373 109 1431 et
128 1365 356 1448 subscriptione
382 1364 574 1429 hieronimus
600 1364 637 1428 in
657 1361 841 1446 chothatopo
865 1361 1013 1429 Sodomitis
1033 1364 1198 1446 nersifious

75 1472 136 1534 eto.
153 1505 195 1517 -
209 1487 318 1535 uersus
339 1469 502 1534 Belleserii
526 1469 576 1543 (ot.
599 1466 681 1532 infru
702 1486 731 1549 p.
748 1468 809 1533 307
834 1469 879 1532 ΙΙ·
901 1469 933 1531 et
954 1467 1027 1549 Ill).
1065 1467 1199 1552 Poginne

74 1573 291 1637 columnarum
313 1571 457 1637 binarum
479 1571 826 1655 undequadragenornm
842 1588 1004 1645 uersuum
1028 1571 1107 1635 duae
1128 1588 1196 1636 ma·

74 1696 132 1741 nus
156 1678 353 1741 correxerunt
383 1682 414 1740 et
435 1676 553 1758 glossas
577 1677 659 1739 inter
681 1675 780 1739 lineas
802 1679 834 1739 ot
855 1674 894 1738 oti
917 1675 1090 1756 marginem
1111 1674 1197 1739 adie-

72 1781 192 1844 cerunt
230 1779 268 1843 In
291 1778 352 1843 line
374 1777 448 1843 libri
470 1778 502 1843 bi
524 1797 632 1843 uersus
654 1778 815 1861 leguntur:
851 1775 974 1843 Christe
994 1776 1069 1842 deu
1091 1779 1197 1842 nostre

72 1880 200 1946 hmedie
221 1881 375 1946 omuinio
396 1899 522 1946 mensor
540 1881 546 1965 l
565 1901 701 1962 quaeque
723 1881 787 1944 tuis
808 1879 908 1944 seruis
929 1880 1095 1944 mitissime
1109 1879 1197 1944 riona

71 1984 189 2049 neuim
208 1984 288 2066 iper
310 1988 338 2048 te
358 1984 423 2048 sint
444 1983 602 2048 unitim
623 1983 756 2064 quiderm.
780 1987 815 2047 tn
837 1982 969 2065 turpiter
992 1982 1105 2047 ainans.

114 2120 216 2187 Codex
231 2120 438 2186 Parisinus
454 2121 571 2187 latinns
588 2121 706 2186 14143
723 2119 766 2203 (S.
785 2120 930 2186 Germani
946 2138 965 2184 a
980 2121 1084 2186 Pretis
1101 2121 1192 2200 1455,
1209 2122 1236 2188 G

71 2224 149 2289 olim
164 2223 372 2304 corbeiensis)
388 2225 640 2289 membmneoeus
663 2223 780 2288 formae
796 2228 924 2288 octenae
939 2242 966 2287 s.
983 2224 1028 2287 IX
1049 2224 1193 2306 scriptus,

73 2327 164 2391 ouius
187 2326 350 2412 catelogus
380 2331 470 2393 uetus
502 2327 679 2392 monasterii
702 2326 892 2392 corbeiensis
918 2327 981 2392 iem
1005 2328 1192 2393 mentionem

70 2428 148 2494 lacit
168 2430 220 2505 (ef.
246 2430 370 2505 Delisle‚
393 2428 439 2494 Lo
455 2429 588 2496 Cobinet
601 2428 654 2494 des
671 2447 742 2493 mss.
767 2428 878 2494 11432
900 2451 930 2495 n.
946 2431 1034 2511 282),
1058 2431 1195 2496 continet

71 2533 93 2596 l.
113 2535 145 2596 1·
167 2531 321 2618 hymnum
344 2531 562 2598 benedicemus
583 2532 709 2597 domino
732 2553 803 2598 enm
819 2533 955 2615 neumis;
977 2533 1035 2599 tn
1057 2536 1193 2599 lacerum

70 2653 101 2717 in
127 2670 182 2717 ora
203 2670 326 2717 summe
354 2652 447 2718 habet
475 2655 569 2718 uerba
590 2652 749 2736 seriptoris
771 2653 810 2718 nl
832 2641 880 2718 um
902 2653 984 2718 horno
1007 2653 1121 2719 tibrum
1143 2654 1194 2718 in-

69 2755 267 2819 rhouuim’w
281 2760 307 2822 V
323 2759 361 2823 15
382 2757 453 2823 rvi„
476 2757 514 2820 In
538 2755 651 2838 pagiua
672 2756 772 2821 altere
792 2757 928 2821 eiusdem
948 2756 1013 2821 folii
1028 2776 1047 2822 e
1062 2757 1192 2821 duorum

70 2859 278 2943 glossatorem
309 2857 452 2924 manibus
486 2859 632 2941 leguntur
665 2858 813 2923 nonnulle
841 2859 879 2922 de
913 2859 979 2924 uite
1008 2862 1039 2923 et
1066 2857 1192 2940 seriptis

69 2977 192 3044 Sedulii
215 2978 304 3045 Sicut
326 2963 374 3044 sis
394 2979 586 3044 hieronimus
606 2978 683 3044 utut
706 2981 742 3043 in
764 2978 925 3061 oothotopo
947 2981 1092 3043 uirorum
1114 2979 1193 3044 ittu-

67 3081 194 3145 strium.
230 3081 294 3146 Iste
316 3080 466 3148 Smintius
488 3083 598 3163 primo
629 3079 730 3145 tainus
756 3081 821 3161 ferit
840 3086 870 3145 et
892 3083 927 3145 iu
949 3081 1066 3146 ucho-in
1087 3081 1194 3147 doorrit

66 3182 227 3248 senatores
247 3183 446 3266 diremimus.
476 3184 590 3250 Postea
611 3204 685 3249 uero
708 3187 806 3248 totum
826 3204 858 3248 se
881 3184 1036 3248 aristeum
1059 3185 1192 3250 eontulit

67 3290 95 3348 rt
119 3304 208 3350 ornno
240 3287 391 3363 studium,
425 3287 508 3369 quod
539 3291 613 3352 onte
645 3286 796 3351 hubin-rut
829 3288 865 3350 in
899 3286 965 3351 iltis
998 3288 1192 3354 sectatoribus

67 3386 262 3471 discipl-inis,
300 3391 453 3454 conuertit
481 3391 523 3455 urt
558 3390 693 3455 ‹ti-rrimus
727 3391 912 3471 scripturus.
951 3389 1088 3472 Scripsit
1120 3411 1191 3474 erpo

67 3490 186 3555 omnim
207 3489 290 3556 hunc
312 3491 350 3557 de
371 3496 472 3557 uetere
489 3498 516 3556 et
532 3513 611 3558 nouo
628 3497 808 3558 testontento
824 3495 881 3557 eto.
897 3492 949 3577 (oi.
967 3494 1003 3573 F)
1021 3528 1064 3542 -
1079 3492 1191 3558 deinde

67 3611 201 3660 rnorem
243 3612 306 3660 ens
354 3612 490 3661 snnvnrr
534 3614 643 3660 nonus
676 3615 735 3673 er
768 3614 887 3661 nnn...
928 3612 1190 3661 surnosoenmn

67 3732 203 3780 urorum
225 3730 343 3781 eosn..
371 3732 562 3782 enuunmvs
588 3704 716 3781 suomi
736 3734 880 3781 unnnvu
902 3733 1081 3782 uncnuon.
1094 3764 1124 3783 ..
1152 3733 1189 3780 ru

66 3851 199 3899 ncunm
221 3851 341 3900 menos
363 3853 445 3900 svos
467 3852 628 3901 scnmsm.
643 3886 672 3902 ..
693 3852 885 3901 nunonosro
903 3854 944 3900 sn
959 3835 1083 3900 recitent.
1097 3882 1126 3899 ..
1149 3873 1187 3885 -

65 3940 89 4004 t.
105 3938 127 4001 3
150 3937 361 4022 fragmentum
383 3939 534 4022 epistulae
549 3941 589 4004 ort
604 3939 822 4005 Macedonium
839 3942 904 4017 (ab.
917 3990 925 4004 .
939 3989 947 4005 .
960 3940 1189 4002 nutrimentum

63 4041 152 4123 quod
167 4045 204 4105 in
217 4060 266 4106 me
280 4047 352 4118 ete.)
375 4059 447 4107 oum
469 4043 582 4128 glossis
606 4043 770 4124 plerisque,
793 4042 874 4124 quod
897 4041 1011 4123 excipit
1026 4042 1047 4105 f.
1064 4041 1097 4107 6·
1119 4058 1189 4107 noc

61 4163 155 4212 orvs
177 4149 236 4210 eto.
262 4162 332 4210 oum
355 4144 490 4210 turmine
511 4145 629 4210 Asterii
654 4146 843 4226 (lucramur
865 4161 991 4210 vnnsvs
1013 4149 1189 4225 urvsnsu).

60 4248 217 4331 Sequitur
248 4263 413 4313 snnvnrvs
447 4263 609 4314 srrsroun
640 4254 710 4324 eto,
746 4246 858 4312 deinde
891 4247 1033 4330 paschale
1064 4267 1188 4315 onumen
