2774 4830
216 310 277 374 196
720 308 851 363 Sedulii

218 500 292 563 liter
315 497 483 581 expedint,
506 498 632 562 Marcus
668 500 703 564 ut
725 499 773 563 leo
797 498 954 563 mirabilis
976 518 1031 582 per
1057 501 1178 566 deserta
1194 501 1348 567 uocifera-

216 605 268 667 tus
302 602 474 679 infremuit,
509 601 608 667 Lucas
642 602 826 669 sacerdotali
862 604 1020 687 religionis
1055 604 1178 669 exordio
1211 608 1346 689 sumpsit

214 706 456 771 similitudinem
485 709 521 772 de
551 706 697 785 iuuenco,
728 707 879 772 Iohannes
906 708 1029 789 aquilae
1057 709 1195 772 uolantis
1227 709 1345 790 impetn

217 811 335 875 eaelum
365 809 451 874 uerbi
482 810 647 876 maiestate
675 812 862 892 penetrauit.
898 813 1045 894 quattuor
1067 812 1122 875 isti
1145 830 1289 893 proceres
1312 830 1344 876 ae

215 931 379 996 praecones
403 930 466 976 una
483 916 514 977 te
531 932 605 977 uoce
621 918 765 979 canentes
781 932 835 978 eeu
852 917 993 995 tempora
1008 913 1139 978 totidem
1156 933 1210 995 per
1227 914 1341 979 latissi·
1361 936 1370 975 s

215 1035 298 1081 mam
321 1018 418 1081 totius
441 1016 522 1081 orbis
539 1018 715 1099 spatiantur
730 1017 876 1099 effigiem.
901 1020 945 1081 sie
960 1018 1123 1100 apostolici
1141 1035 1265 1100 quoque
1281 1016 1342 1082 eul-

215 1122 309 1186 minis
324 1124 356 1184 et
378 1122 500 1184 honoris
519 1122 675 1185 duodenus
692 1139 769 1203 apex
784 1140 905 1204 semper
920 1121 1070 1203 effulgens
1094 1122 1235 1187 numeris
1258 1123 1342 1186 horas

215 1223 361 1288 imitatur
383 1228 412 1288 et
436 1242 569 1299 menses,
598 1230 633 1289 ut
657 1223 746 1290 rebus
770 1226 913 1290 omnibus
944 1227 1140 1309 congregatis
1163 1244 1265 1291 annus
1288 1226 1341 1289 tibi

215 1328 333 1392 militet
369 1327 543 1391 uniuersus.
582 1327 654 1392 hine
690 1330 785 1412 igitur
824 1331 950 1394 uetusta
986 1346 1160 1393 memorans
1199 1330 1343 1412 antiquae

214 1432 325 1497 mortis
358 1430 481 1497 exordia
516 1450 629 1497 nouam
657 1451 820 1514 properare
854 1434 987 1497 delector
1018 1435 1058 1498 ad
1084 1435 1193 1511 uitam,
1234 1433 1271 1497 ut
1292 1430 1369 1515 quin

214 1534 305 1599 fletus
328 1536 551 1602 semiuauimus
573 1536 606 1600 in
631 1537 732 1602 Adam
754 1537 909 1602 laetitiam
931 1539 1086 1603 metamus
1109 1539 1142 1601 in
1166 1537 1293 1603 Christe
1314 1540 1343 1601 et

216 1640 391 1704 Dauitiuam
424 1660 597 1705 mereamur
620 1640 720 1705 dicere
749 1642 952 1707 cantilenam:
983 1643 1048 1725 qui
1077 1642 1287 1707 seminant
1307 1642 1342 1705 in

215 1742 397 1807 lacrimis
421 1744 459 1807 in
483 1744 625 1827 gaudio
645 1748 801 1809 metent.
824 1748 962 1810 euntes
985 1746 1098 1810 ibant
1121 1747 1159 1809 et
1181 1744 1340 1817 flebant

216 1847 429 1913 mittentes
452 1848 604 1913 semina
625 1867 703 1913 suu.
734 1850 944 1914 uenientes
967 1850 1094 1913 autem
1117 1848 1340 1915 uenientia

215 1950 494 2029 exsultatione,
518 1956 728 2034 portantes
752 1952 975 2034 manipulos
997 1970 1093 2017 sues.
1351 1974 1371 2013 n

319 2172 351 2225 12
373 2172 471 2228 Psalm.
491 2174 548 2236 125,
566 2176 591 2228 5.
610 2176 626 2227 6

268 2384 281 2434 l
307 2354 411 2434 des-eta
429 2386 507 2445 (corr.
526 2398 560 2434 m.
580 2384 599 2434 2
617 2397 652 2435 ex
670 2382 772 2449 desueta)
798 2382 831 2435 H
934 2354 1096 2436 uociferatui
1114 2380 1141 2434 P
1243 2382 1261 2434 2
1285 2380 1345 2435 reli-

215 2473 289 2570 gr‘nrs
307 2502 348 2569 u,
385 2503 515 2571 religione
534 2503 568 2556 rr
581 2503 646 2568 fort.
665 2504 839 2557 sacerdotare
858 2502 995 2571 reugronu
1094 2504 1212 2557 sanate
1230 2504 1345 2565 suaa,

215 2588 291 2640 unite
310 2587 386 2649 Pam,
422 2604 477 2641 una
495 2590 522 2641 te
545 2588 600 2643 Col.
620 2590 701 2643 Areu.
788 2591 929 2642 cantantes
948 2588 999 2643 He
1019 2588 1065 2653 (cs.
1078 2605 1101 2642 a.
1115 2591 1180 2647 359)
1270 2592 1343 2643 tior·

217 2674 257 2727 bis
277 2673 348 2739 RH,
384 2674 459 2727 urbia
477 2674 505 2728 P
588 2678 752 2743 sparguntur
769 2676 820 2729 Hv
912 2675 982 2743 let]
1002 2691 1058 2728 ras.
1076 2676 1107 2727 ia
1124 2675 1169 2741 Η,
1189 2691 1278 2731 om.v

215 2768 473 2864 duodenuff‘ssemper
492 2798 520 2851 11
611 2812 689 2864 asper
701 2769 796 2865 'emper
813 2797 847 2850 H
862 2811 931 2850 corr.
944 2798 1011 2849 m.2
1104 2796 1243 2865 refulgens
1262 2814 1279 2851 e

215 2884 332 2935 numeris
355 2883 397 2951 (ina
421 2899 507 2952 marn.
528 2882 592 2935 add.
612 2900 646 2935 m.
665 2884 695 2949 2)
723 2882 758 2935 H
857 2883 874 2933 8
901 2884 1078 2949 congregatus
1105 2882 1139 2935 H
1240 2883 1259 2935 9
1287 2886 1346 2937 uni-

215 2988 299 3040 uersis
324 2986 355 3039 H
456 2987 548 3054 Igitur
572 2986 634 3039 hine
659 2986 710 3040 Hu
815 2984 848 3037 10
870 2984 974 3038 exordio
998 2984 1026 3038 P
1126 2972 1226 3053 parare
1251 2986 1280 3040 P

217 3110 248 3161 12
275 3107 408 3161 danitieae
436 3110 466 3159 H
567 3081 682 3161 seminat
712 3114 739 3163 ln
763 3124 782 3160 a
804 3123 839 3158 m.
863 3106 891 3169 2)
919 3106 952 3158 H
1062 3106 1094 3160 13
1120 3105 1217 3160 hibunt
1246 3109 1282 3161 H

216 3196 248 3247 14
267 3194 421 3247 mittenttes
439 3194 466 3247 P
571 3195 602 3247 15
622 3194 693 3262 sues]
712 3208 841 3247 nxnnrcrn
859 3208 943 3247 nmen
961 3207 1068 3246 nnrnrvs
1086 3193 1114 3246 P
1212 3210 1347 3250 numeru

215 3294 298 3333 nuans
317 3293 432 3334 enrnrrs.
459 3294 609 3335 rncrnrvur
627 3294 765 3333 cunrrvnn
785 3293 904 3332 sacrum
923 3278 961 3344 R,
990 3294 1041 3334 um.
1059 3279 1102 3341 Η,
1139 3277 1262 3347 Explicit
1279 3281 1348 3335 liber

214 3366 315 3434 primus
334 3383 393 3420 uum
412 3366 537 3435 capitulis
556 3366 655 3419 ueteris
673 3365 862 3419 testamentis
