2774 4830
124 330 187 395 336
596 325 779 396 Appendir.

1 525 214 582 ,aea-moelem.
251 521 436 595 Delapsus
461 522 486 579 ·i·
509 520 646 579 dimissus
670 519 714 581 uel
738 520 920 580 descendens.
957 520 1099 580 Labore
1121 520 1149 579 -ὶΙ
1173 526 1259 583 mitte

125 628 156 685 te
179 623 320 683 deorsum.
350 623 542 696 Imperatiuus
565 625 611 683 est
633 640 650 683 a
673 623 761 682 uerbo
776 623 869 685 labor.
899 621 1076 696 Fastigia
1093 625 1121 683 ·i·
1138 626 1259 685 summi·

125 731 223 800 tatem,
252 727 360 802 pinnae
397 730 464 785 snut
498 726 645 786 eacumina
667 726 693 785 ·i·
717 726 897 785 sublimiores
925 730 1022 800 partes
1050 728 1162 787 demus.
1203 728 1257 789 Hic

127 832 221 891 antem
244 848 295 905 pro
318 829 457 889 tabulatis
479 830 575 903 posuit
596 829 705 905 templi.
739 829 888 906 Templum
912 828 1018 891 domini
1041 831 1256 893 tricameratum

128 937 189 994 erat
207 934 233 993 -i·
256 934 343 993 trium
367 932 578 993 tabulatorum:
609 938 728 994 aberra
750 950 839 1007 neque
862 933 899 993 ad
921 935 1044 1007 primum
1066 934 1144 994 XXX
1167 936 1255 996 cubiti
1276 951 1287 991 a

128 1041 218 1113 erant,
252 1056 269 1096 a
302 1037 394 1112 primo
423 1053 511 1111 usqne
542 1039 576 1095 ad
608 1038 765 1097 secundnm
793 1036 842 1095 alii
864 1037 950 1108 XXX,
979 1037 1143 1097 asecundo
1168 1055 1258 1112 usqne

129 1141 165 1199 ad
198 1142 317 1200 tertium
346 1140 411 1213 LX,
449 1155 513 1199 ecoe
546 1139 628 1199 CXX.
673 1140 854 1199 (turuauit
883 1140 909 1198 ·i·
945 1140 1092 1213 folmarii,
1126 1141 1257 1200 curnanit

128 1245 196 1318 qnia
221 1244 250 1303 in
274 1244 386 1303 modum
410 1259 539 1302 camerae
569 1246 637 1303 eunt
669 1242 753 1303 caeli.
798 1241 937 1303 Vectus
960 1244 986 1302 ·i·
1014 1245 1185 1319 deportatus
1208 1262 1258 1304 sua

128 1348 219 1420 ipsius
248 1347 363 1419 uirtute,
397 1348 474 1407 sicut
502 1346 536 1405 de
559 1346 670 1419 Spiritu
699 1349 800 1406 sancto
830 1347 945 1419 passine
975 1346 1100 1422 legimus
1125 1344 1257 1423 ‘Spiritus

129 1450 234 1509 domini
249 1449 395 1507 ferebatur
406 1465 492 1521 snper
506 1445 615 1522 aquas'.
640 1450 734 1522 Aque
747 1450 823 1508 anim
836 1449 959 1508 ferretur
971 1448 1027 1508 nisi
1042 1466 1097 1508 sua
1107 1452 1286 1523 potentialia

130 1551 290 1625 Cuspide
313 1552 341 1610 ·i·
363 1551 474 1627 lancea,
496 1552 679 1613 iaculatione.
715 1552 847 1612 Gladium
869 1553 941 1613 dixit
963 1555 1083 1614 uerbum
1099 1555 1159 1625 dei,
1184 1557 1257 1615 unde

130 1655 278 1730 apostolus
301 1658 331 1716 et
353 1655 479 1729 gladium
503 1655 633 1729 spiritns,
658 1656 732 1729 quod
756 1658 801 1715 est
824 1656 943 1716 uerbum
959 1658 1013 1728 dei,
1031 1676 1086 1732 qno
1103 1662 1175 1719 tunc
1190 1659 1257 1719 dens

130 1762 255 1835 aliquem
277 1761 411 1834 percutit,
435 1775 498 1817 cnm
522 1759 556 1818 de
578 1762 728 1831 peccatore
750 1759 841 1819 elficit
855 1760 973 1820 iustum.
1018 1761 1257 1836 Praecipites

131 1866 156 1923 ·i·
180 1865 322 1924 cadentes.
368 1862 620 1934 confringens
658 1862 858 1935 sapientia.
904 1863 1052 1938 Sapientia
1086 1865 1258 1924 neutraliter

131 1969 213 2027 dixit.
252 1965 415 2039 confringit
441 1966 510 2024 deuo
532 1965 632 2035 fortes,
663 1982 726 2023 cum
751 1982 799 2025 eos
829 1965 972 2025 atimore
995 1966 1150 2040 superbiae
1174 1966 1289 2028 deicitur

132 2074 161 2129 et
175 2070 212 2129 ad
227 2087 324 2129 ueram
341 2068 531 2128 bumilitatem
547 2069 634 2128 ducit.
670 2069 769 2128 Perdit
791 2069 947 2142 sapientes,
971 2087 1035 2130 cnm
1056 2088 1167 2131 uanam
1181 2072 1260 2146 sapi·

132 2176 236 2233 entiam
262 2173 377 2231 illorum
400 2172 523 2231 destruit
545 2175 575 2231 et
597 2173 635 2231 ad
656 2188 763 2243 nomm,
786 2188 859 2246 quae
882 2172 1015 2234 Christus
1039 2178 1094 2246 est,
1117 2175 1260 2249 perducit.

133 2275 196 2335 Nou
219 2276 307 2348 elegit
323 2276 393 2334 dens
416 2275 546 2334 rhetores
562 2277 592 2335 et
615 2276 763 2350 sapientes
781 2280 811 2335 et
832 2275 1028 2355 imperatores,
1051 2280 1101 2337 sed
1117 2294 1261 2353 pauperes

133 2384 161 2436 et
194 2379 315 2438 humiles
344 2381 374 2436 et
408 2380 575 2450 piscatores.
618 2377 796 2439 Tractare
818 2379 846 2437 ·i·
869 2380 984 2442 sectari.
1029 2379 1260 2450 Germanum,

133 2484 202 2555 qnia
224 2482 329 2540 fratres
353 2499 466 2551 sumus;
501 2499 653 2556 germanus
674 2483 789 2557 proprie
812 2482 926 2553 dicitnr,
950 2484 1031 2556 quasi
1054 2484 1090 2542 de
1112 2500 1173 2543 uno
1195 2500 1292 2558 ger-ao

135 2585 212 2644 mine
241 2586 334 2657 patris
362 2603 491 2645 manans.
531 2585 680 2646 Vetusti
706 2586 782 2645 doli
805 2585 833 2644 ·i·
855 2589 991 2660 antiquae
1012 2586 1133 2647 fraudis.
1171 2586 1261 2647 Vetus

135 2689 231 2749 dolum
248 2688 276 2747 ·i·
300 2689 439 2763 originale
462 2692 619 2762 peecatum.
652 2689 753 2748 Dolum
777 2690 850 2762 ideo,
874 2691 942 2765 quia
963 2689 1062 2749 frande
1086 2690 1194 2751 diaboli
1216 2691 1262 2748 iu·

135 2792 254 2853 missum
272 2794 333 2863 eet3
357 2809 425 2865 ergo
443 2793 578 2852 dehemus
593 2793 689 2852 delere
705 2793 844 2852 inuidiam
859 2793 894 2851 de
909 2792 1039 2852 cordibus
1056 2794 1176 2865 nostris,
1191 2808 1263 2868 quae

135 2913 202 2956 nere
225 2895 334 2956 diaboli
355 2897 425 2956 nota
448 2899 500 2955 eet.
538 2895 706 2970 Degener
728 2896 834 2955 dicitur
849 2897 898 2969 qni
914 2912 970 2955 non
986 2897 1142 2969 respondet
1157 2895 1263 2956 nobili-

135 2999 189 3057 tati
217 3002 369 3071 parentum
393 2999 420 3057 ·i·
442 2999 490 3072 qni
520 2999 583 3058 suis
613 2997 698 3058 factis
721 3016 752 3059 sa
774 2997 929 3071 ignobilem
952 2998 1078 3070 exhibet,
1100 3016 1133 3057 s·
1156 3004 1226 3058 tunc
1247 3016 1295 3060 aa

135 3102 186 3160 deo
209 3101 424 3175 degeneramus,
455 3117 520 3161 oum
543 3118 594 3161 nos
616 3102 739 3161 inuicem
763 3103 883 3161 odimus.
921 3102 1026 3162 Sicut
1048 3102 1265 3162 benedicier

136 3206 245 3277 idem,
268 3221 376 3277 magna
398 3205 560 3265 subauditio
584 3207 639 3277 est,
663 3222 694 3263 ·e·
717 3206 760 3264 sic
782 3206 863 3265 iubet
886 3221 916 3264 se
940 3204 1117 3265 sanctificari
1135 3206 1263 3275 anobis,

137 3325 230 3382 aquo
254 3309 467 3368 sanctificamur
489 3324 595 3383 omues,
626 3307 703 3369 sicut
724 3308 805 3368 iubet
833 3308 908 3368 idem
936 3307 1064 3368 benedici
1087 3325 1105 3367 a
1127 3309 1226 3384 nobie,
1248 3326 1265 3367 a

137 3427 191 3484 quo
221 3410 415 3469 benedicimur
441 3428 549 3473 omues.
587 3415 659 3473 lam
689 3412 831 3486 iamque
860 3412 1029 3472 adnerbium
1058 3414 1104 3471 eet
1135 3413 1265 3487 optantis

137 3512 163 3571 .i·
186 3513 253 3586 cito,
277 3513 408 3572 dominus
431 3531 544 3587 semper
565 3516 596 3573 et
618 3513 723 3587 ubique
749 3518 863 3589 regnat,
887 3532 917 3574 a
942 3515 1075 3590 petimus,
1098 3518 1132 3575 ui
1154 3532 1208 3576 nos
1229 3515 1297 3575 ada

138 3634 168 3676 oe
199 3618 293 3692 ipsum
323 3616 463 3691 colligens
493 3618 597 3690 regnet
626 3617 656 3675 iu
686 3618 778 3681 uobis.
822 3618 850 3675 N
857 3635 900 3677 on
931 3618 1135 3677 succedunt
1160 3618 1188 3677 ·i·
1211 3634 1267 3678 nen

137 3721 306 3782 adueniunt.
351 3722 420 3780 Per
449 3737 585 3780 aeuum.
629 3721 739 3780 henum
769 3738 821 3795 pro
850 3722 1043 3795 perpetuitate
1077 3723 1207 3801 ponitur,
1240 3726 1270 3783 et

140 3823 221 3884 uenit
239 3843 257 3884 a
275 3839 378 3898 graeco
400 3824 476 3899 qnod
498 3826 543 3884 est
567 3827 758 3899 contempus,
780 3824 856 3883 nihil
878 3825 957 3884 alind
979 3827 1026 3886 est
1047 3825 1104 3885 nisi
1120 3842 1229 3889 cursus
1243 3827 1271 3886 et

138 3927 304 3988 uicissitndo
327 3945 420 3988 rerum
436 3928 464 3987 ·i·
479 3945 541 3988 cum
561 3928 616 3989 diei
633 3945 687 3988 nox
703 3930 732 3988 et
747 3929 824 3988 nocti
840 3931 999 3991 succedunt
1008 3929 1084 3988 dies.
1126 3929 1273 3992 Corona

190 4183 203 4235 1
228 4147 345 4238 deminus
363 4184 390 4236 A
493 4184 511 4238 2
533 4166 643 4237 ‘’oreum
668 4184 711 4252 (de
728 4202 746 4239 c
762 4200 797 4239 m.
815 4187 845 4253 a)
864 4187 891 4239 A
994 4184 1026 4238 11
1044 4182 1160 4252 gladius
1178 4188 1206 4243 Δ

139 4266 171 4321 14
188 4267 307 4323 rbtbores
324 4271 352 4323 A
