2774 4830
120 334 183 400 352
591 331 776 400 Appendix.

118 528 232 601 quando
254 526 401 587 dixerunt:
431 524 556 599 Sanguis
577 525 641 585 eius
671 542 759 598 super
781 542 835 584 nos
857 528 887 584 et
914 541 1000 598 super
1021 524 1101 583 filios
1124 528 1248 585 nostros.

119 629 200 688 Sicut
222 629 297 687 enim
320 628 396 688 falce
417 627 556 687 inciditur
571 626 695 699 foenum,
714 626 758 685 ita
773 626 857 685 Indei
872 628 929 685 ista
944 627 1151 688 maledictione
1169 628 1249 687 incisi

6 736 195 792 ree-aoeaunt.
240 732 359 805 vigili
383 732 409 790 i·
431 731 539 804 sagaci.
582 731 946 804 Leuisseprolauare.
983 731 1248 806 Sacrum,quod

116 840 247 911 praestat
261 837 384 895 ueniam.
412 836 548 908 Implet
569 834 704 894 arundo
726 851 880 896 manum:
902 852 966 893 cum
981 834 1052 894 dicit
1068 834 1183 909 implet,
1199 835 1246 893 de·

117 942 270 1010 monstrat,
294 940 368 1012 quod
392 956 498 1010 magna
527 937 591 997 fuit.
628 937 746 996 Arundo
775 937 850 996 idem
872 940 917 996 est
939 940 969 996 et
991 936 1097 997 ferula.
1145 937 1276 1013 Scope

116 1048 211 1104 trum
238 1042 398 1102 inualidum
420 1043 446 1100 ·i·
470 1041 623 1115 infirmnm,
658 1042 725 1115 quia
754 1041 838 1100 exilis
867 1046 896 1100 et
918 1040 1054 1100 flexibilis
1078 1041 1172 1099 herba
1193 1046 1246 1099 est.

117 1149 276 1207 Vacuum
299 1146 326 1203 ·i·
349 1145 416 1217 quia
444 1162 501 1202 non
530 1144 619 1203 habet
648 1143 811 1205 medullam.
855 1142 1006 1217 Moxque
1033 1145 1061 1201 ·i·
1091 1152 1246 1218 postquam

117 1250 219 1307 illusus
241 1248 308 1317 fuit,
333 1247 464 1306 Christus
487 1249 518 1305 in
541 1247 644 1304 alienis
673 1246 805 1306 uestibus
828 1246 934 1304 illusus
957 1246 1022 1306 luit.
1057 1246 1246 1321 allegorizet

116 1352 179 1411 Hoc
201 1356 319 1424 accepto
336 1349 431 1409 alieno
456 1349 565 1407 dimisit
588 1350 734 1423 proprium
758 1348 961 1407 uestimentum
984 1350 1142 1408 etiterum
1167 1368 1248 1411 acce·

116 1453 169 1528 pit,
202 1453 346 1527 significat
374 1454 448 1527 quod
478 1455 660 1526 depositurus
689 1456 751 1512 erat
778 1452 929 1511 mortalem
951 1471 1064 1512 carnem
1087 1462 1119 1513 et
1143 1456 1276 1515 iterumue

115 1562 284 1632 sumpturus
321 1557 498 1629 resurgendo
532 1557 722 1617 inmortalem.
766 1556 812 1615 Vt
846 1556 1026 1615 mutabile
1056 1556 1083 1614 ·i·
1114 1550 1246 1622 mortale.

116 1659 246 1720 Vinum
270 1660 368 1718 felle.
405 1660 494 1717 lllirra
516 1665 546 1719 et
568 1660 608 1719 fel
637 1659 847 1718 amarissimum
874 1659 998 1718 reddunt
1019 1661 1130 1722 uinum.
1170 1661 1246 1721 Dis·

116 1763 289 1823 eriminis
312 1764 339 1822 .i·
363 1764 507 1837 supplicii.
554 1763 787 1839 Supplicium
816 1763 842 1820 ·i·
872 1768 1054 1825 tormentum.
1084 1764 1157 1824 Ideo
1180 1781 1245 1823 cru-

115 1884 177 1926 cem
200 1869 297 1939 elegit,
323 1870 356 1925 ut
377 1866 470 1926 leuius
493 1885 545 1926 nos
574 1868 752 1927 saluaremus
775 1885 793 1925 a
814 1867 927 1926 diabolo
957 1869 1068 1927 eteius
1092 1867 1246 1927 fraudibus

114 1971 239 2044 inposito
262 1971 346 2045 signo
370 1971 474 2047 crucia,
497 1972 566 2045 quia
590 1972 615 2029 ai
638 1970 785 2044 lapidatus
807 1971 920 2045 fuisset,
937 1974 969 2031 ut
983 1971 1066 2030 Iudei
1080 1971 1276 2042 nolueruntn

115 2080 296 2148 portaremus
317 2074 441 2149 lapidem
472 2071 503 2133 in
527 2076 643 2147 signum
666 2076 738 2134 eius.
773 2074 861 2134 Gruce
885 2092 938 2135 sua
959 2075 1091 2134 dominus
1116 2078 1246 2135 continet

114 2181 206 2235 totum
229 2179 363 2236 mundum
387 2178 549 2251 sicutipse
572 2176 656 2236 dicit:
683 2178 752 2237 (lum
775 2178 918 2238 exaltatus
941 2177 1020 2236 luero
1035 2196 1055 2236 a
1068 2183 1160 2250 terra,
1184 2196 1244 2237 om·

115 2282 167 2339 nia
194 2281 306 2338 naham
330 2282 365 2338 ad
388 2297 432 2337 me
455 2280 558 2352 ipsum.
594 2280 710 2339 Positus
736 2297 803 2355 ergo
825 2281 854 2339 in
878 2297 960 2341 cruce
982 2280 1114 2339 dominus
1138 2282 1246 2339 uertice

114 2383 208 2441 tenuit
230 2383 379 2451 orientem,
408 2382 527 2456 pedibus
554 2383 739 2456 occidentem,
769 2383 870 2442 dextra
903 2384 1138 2457 septentrionem,
1161 2383 1245 2443 laena

115 2485 271 2544 meridiem.
295 2484 358 2543 Hae
381 2490 449 2542 aunt
472 2490 609 2559 quattuor
632 2490 731 2557 partes
747 2486 854 2555 mundi,
871 2502 944 2558 quae
959 2502 1062 2557 graece
1076 2488 1121 2545 ita
1136 2503 1276 2545 decan-ao

115 2590 180 2648 tur:
212 2587 313 2645 Oriens
343 2588 490 2661 anathole,
522 2588 656 2647 occidens
686 2587 768 2659 disis,
795 2589 955 2660 septentrio
978 2598 1084 2661 arctos,
1108 2590 1243 2649 meridies

114 2692 288 2751 mesimbria.
334 2690 496 2763 Colligit
517 2691 544 2748 ·i·
567 2691 727 2764 coniungit.
772 2689 875 2749 Tribus
902 2691 1010 2763 linguis
1041 2694 1170 2767 scriptus
1200 2696 1244 2751 est

114 2794 170 2854 iste
193 2795 311 2854 titulus:
340 2793 473 2854 hebraice
507 2798 625 2867 propter
658 2792 784 2852 diuinam
819 2793 1002 2867 scripturam,
1040 2797 1073 2852 ut
1108 2794 1245 2854 uidelicet

114 2899 207 2957 omnis
234 2898 337 2971 lingua
365 2899 519 2956 secundum
549 2914 645 2955 uocem
672 2896 795 2969 apostoli
818 2896 998 2969 confiteatur,
1021 2897 1090 2969 quia
1112 2896 1245 2957 dominus

114 3002 198 3061 Iesus
222 3001 355 3060 Christus
384 3002 412 3058 in
443 3001 535 3073 gloria
558 3004 604 3059 est
627 3000 672 3058 dei
695 3000 796 3073 patris.
832 3000 908 3072 Ergo
931 3000 1011 3058 Iudai
1035 2999 1129 3059 uelint
1151 3001 1275 3059 nolintae

114 3104 296 3176 confitentur,
320 3104 387 3176 quia
409 3104 541 3163 Christus
563 3120 612 3163 rex
635 3104 786 3161 ludeorum
809 3107 870 3171 est;
895 3119 995 3177 graece
1010 3108 1128 3177 propter
1142 3104 1244 3164 huma·

7 3248 10 3253 -
88 3184 92 3191 ¹
115 3224 180 3264 nam
195 3207 377 3278 sapientiam,
398 3207 466 3280 quia
481 3207 582 3266 Graeci
598 3208 705 3267 multas
721 3210 798 3265 artes
814 3206 1003 3276 inueneruut;
1020 3205 1110 3264 latine
1124 3213 1244 3280 propter

113 3324 258 3368 romanam
285 3310 452 3386 potentiam,
484 3309 615 3369 omnibus
641 3311 778 3382 gentibus
800 3327 889 3382 paene
911 3310 1105 3383 imperabant.
1150 3309 1244 3371 Exu-

113 3412 188 3471 uiis
203 3413 230 3471 ·i·
247 3412 358 3487 spoliis,
382 3416 498 3472 exuuiae
517 3420 587 3473 sunt
609 3414 724 3488 proprie
747 3413 839 3487 pelles
856 3413 980 3472 ferarum
997 3415 1101 3471 exutae
1119 3431 1136 3471 a
1152 3431 1244 3473 mem·

114 3515 174 3574 bris
207 3532 316 3586 earum,
353 3518 402 3574 sed
435 3517 554 3575 abusiue
587 3534 639 3589 pro
674 3518 750 3576 omni
779 3515 870 3589 spolio
904 3518 1056 3588 ponuntur.
1102 3516 1278 3575 Scismaeo

113 3634 217 3692 graece
240 3620 353 3690 scissio,
375 3618 442 3677 hinc
465 3624 494 3677 et
512 3619 669 3678 scismatici
692 3619 841 3697 haeretici,
864 3620 913 3691 qui
936 3635 966 3676 se
989 3618 1125 3677 scindunt
1149 3638 1168 3679 a
1191 3620 1246 3680 fide

115 3722 265 3781 catholica.
296 3722 379 3781 hicet
402 3740 490 3781 unum
512 3722 603 3781 luerit
616 3722 753 3781 iudicium
769 3724 795 3780 ·i·
811 3721 983 3795 supplicium
999 3721 1095 3780 crucis
1126 3721 1247 3783 Christo

113 3824 250 3884 uidelicet
264 3828 294 3883 et
309 3824 480 3895 latronibus,
496 3842 554 3883 non
571 3824 626 3884 fuit
643 3829 737 3882 tamen
753 3841 842 3883 unum
858 3824 1001 3896 meritum,
1023 3824 1094 3896 quia
1109 3824 1247 3886 Christus

85 3960 88 3965 ·
113 3933 230 4001 propter
245 3933 375 3988 nostram
391 3929 512 3988 salutem
528 3928 681 4001 pendebat.
716 3928 915 3987 Sententia
931 3927 956 3984 i·
972 3927 1121 3990 iudicium.
1151 3928 1250 3989 Reus

216 4104 229 4154 l
249 4101 349 4156 Metto.
368 4101 410 4155 37.
429 4102 463 4154 25
568 4102 598 4154 17
618 4102 652 4155 cf.
671 4102 729 4156 Ich.
748 4103 789 4167 12,
807 4104 842 4155 32

163 4265 314 4318 acerrima
333 4268 359 4318 A
464 4267 478 4319 o
498 4266 523 4319 o·
543 4267 617 4337 quia]
636 4276 674 4336 oq<
696 4270 723 4319 A
826 4270 858 4320 ar
878 4231 1004 4321 salomam
1022 4271 1048 4319 a
