2774 4830
578 337 763 408 Appendix.

640 969 693 1066 H.

133 1210 424 1309 exuuntur
466 1210 540 1305 EX
579 1206 796 1307 uunloll
833 1205 1208 1305 expostulent

344 1398 405 1495 IN
436 1396 719 1495 Pnseflnnu
752 1395 989 1495 CARMEN.

144 1658 183 1741 In
213 1680 343 1755 catalogo
373 1681 498 1739 uirorum
526 1679 682 1739 illustrium
711 1680 740 1739 id
768 1681 813 1739 est
842 1678 875 1737 in
903 1677 988 1750 libro,
1017 1691 1102 1751 tuem
1132 1678 1238 1737 beatus

102 1782 294 1859 Hieronymus
324 1782 480 1855 inchoanit,
505 1785 554 1843 sed
584 1784 718 1844 Peteriue
748 1782 905 1855 discipulus
933 1780 995 1841 eins
1028 1780 1161 1854 perfecit,
1194 1781 1236 1841 ibi

102 1887 211 1961 legitur
233 1887 299 1961 quis
321 1886 409 1946 luerit
431 1887 488 1946 isto
511 1885 652 1946 Sednlins.
692 1886 757 1944 Fuit
779 1885 854 1943 enim
872 1884 964 1958 primo
979 1881 1071 1943 laicus
1087 1882 1236 1943 saeculari

101 1990 261 2066 sapientiae
285 1990 413 2064 deditue3
437 1990 538 2063 postea
561 1990 597 2048 ad
616 1989 706 2049 Deum
728 2004 883 2049 conuersus
899 1988 1019 2062 scripsit
1034 1987 1112 2045 hunc
1126 1986 1234 2047 librum

100 2095 185 2169 quusi
214 2110 266 2168 per
294 2093 458 2153 dinocheum
487 2092 517 2152 id
545 2094 591 2151 est
620 2091 761 2167 duplicem
790 2091 987 2161 relectionem,
1017 2090 1051 2147 de
1085 2089 1182 2148 ueteri
1205 2092 1267 2149 eto

102 2214 178 2256 nouo
208 2198 392 2256 testamento.
429 2194 467 2254 Et
495 2194 652 2270 sciendum,
681 2196 749 2269 quie
769 2194 851 2269 prius
874 2193 1003 2268 prosaice
1025 2190 1107 2267 fecit,
1129 2195 1234 2267 posteo

102 2298 221 2358 metrice
249 2298 408 2372 composuit
431 2300 460 2356 et
482 2297 686 2372 praetitulenit
715 2314 780 2357 enm
808 2294 940 2372 paschali
962 2297 1098 2370 carmine,
1128 2310 1234 2355 conse·

102 2417 186 2461 erens
208 2400 374 2459 Macedonio
396 2400 572 2475 presbytero.
600 2400 664 2460 llos
686 2402 765 2460 enim
787 2402 849 2459 eret
871 2399 946 2475 apud
962 2400 1107 2474 antiquos,
1132 2399 1166 2456 nt
1181 2414 1234 2457 sne

103 2503 213 2577 scripte
243 2502 422 2575 sapientibus
452 2504 481 2562 et
509 2502 655 2563 nobilibus
681 2502 859 2575 conferrent,
883 2504 916 2561 ut
938 2518 1036 2560 eorum
1058 2500 1233 2561 unctoritete

101 2606 305 2667 roborarentur
333 2609 363 2666 et
391 2606 427 2664 eb
463 2606 584 2665 aemulis
617 2605 809 2667 soluerentur.
848 2606 952 2664 Docuit
974 2604 1070 2664 eutem
1094 2603 1125 2662 in
1150 2603 1267 2676 Acium

1 2675 87 2779 »Ἢ
101 2709 208 2787 purtim
231 2710 261 2769 in
277 2710 370 2769 Italia.
406 2708 490 2769 Modo
513 2708 584 2769 facit
606 2710 754 2782 epistolem
770 2711 805 2768 ed
823 2709 1029 2768 Macedonium.
1067 2706 1232 2767 Decurso

101 2816 129 2874 ·i·
151 2814 243 2886 finito,
267 2812 453 2888 perticipium
473 2815 519 2871 est
541 2812 603 2873 sine
622 2812 702 2872 uerbi
719 2814 841 2888 origine.
878 2812 1036 2871 Censees
1058 2809 1087 2867 ·i·
1110 2809 1232 2873 indices.

101 2916 330 2977 Senenitetis
352 2917 380 2975 ·i·
409 2916 604 2990 grauiditetis.
644 2916 828 2989 Obiurges
851 2915 877 2973 ·i·
901 2910 1106 2989 reprehendes.
1148 2912 1233 2972 Sul·

100 3020 224 3080 fultus
246 3020 273 3079 ·i·
296 3020 424 3091 adiutus,
448 3019 536 3079 fulcio
560 3023 605 3079 est
628 3021 732 3079 adinuo
755 3018 821 3078 inde
843 3018 933 3079 fultor
956 3016 1061 3076 dicitnr
1085 3015 1123 3075 eb
1147 3015 1233 3075 edin·

101 3122 205 3184 nendo.
249 3122 454 3183 Peschelis
488 3122 516 3180 ·i·
550 3122 746 3195 euangelicee.
797 3121 1015 3181 Maiestatis
1049 3120 1076 3179 ·i·
1111 3116 1269 3190 Christiro

99 3226 176 3285 sicut
219 3226 366 3300 apostolus
414 3226 470 3286 eit:
514 3226 628 3285 Pascha
671 3227 800 3285 nostrum
843 3224 1006 3284 immolatus
1055 3224 1101 3283 est
1147 3222 1234 3281 Chri·

204 3407 236 3460 16
254 3407 269 3462 Ι
287 3406 410 3460 Corinth.
429 3408 453 3472 5,
474 3407 489 3458 7

201 3579 227 3631 A
246 3599 281 3624 =
298 3577 355 3631 eod.
375 3577 553 3631 Moecacenore
570 3578 614 3643 (ol.
635 3577 773 3648 Teperoc.)
792 3578 881 3631 19456
897 3591 919 3629 e.
937 3574 974 3630 X

203 3663 231 3717 B
247 3685 282 3710 =
299 3661 356 3717 cod.
376 3662 553 3717 Monacensis
570 3663 616 3730 (ot.
638 3660 810 3731 Wtedberp.)
829 3662 923 3716 22307
939 3676 961 3716 e.
979 3659 1035 3714 XI.

150 3848 259 3888 rucrnrn
277 3847 425 3888 nneosrnro
443 3846 560 3887 nnuron
578 3848 611 3886 nu
629 3846 699 3887 orvs
717 3846 856 3887 crunnus
875 3846 1029 3886 rnscnnnns
1046 3832 1088 3895 A,
1119 3846 1237 3888 necrrrn

97 3934 299 3975 emersurus
323 3934 465 3974 snnunrurc
491 3920 530 3983 B;
558 3918 593 3984 cs.
617 3918 695 3973 Prot.
805 3919 821 3971 5
844 3916 1003 3986 dyrooheum
1028 3919 1055 3973 A
1078 3918 1113 3984 cs.
1141 3921 1236 3975 Prud.

98 4005 170 4061 Ditt.
189 4006 210 4060 1
230 4006 282 4072 (cd.
305 4005 427 4070 Dreesel)
530 4004 559 4058 id
583 4006 624 4058 est
647 4005 688 4071 A,
725 4004 751 4056 ·i·
769 4004 797 4059 B
821 4003 950 4073 (passim)
1054 4002 1072 4057 6
1095 4004 1170 4072 quod
1197 4008 1237 4061 A¹

96 4141 169 4183 corr.
187 4129 259 4181 mc
363 4125 429 4178 nen
446 4125 474 4178 n
580 4123 610 4177 12
631 4124 656 4177 r·
674 4123 739 4178 auo.
759 4124 805 4189 Ar,
836 4139 886 4179 on
904 4124 932 4178 n
1031 4124 1064 4177 13
1083 4091 1238 4193 multo

98 4249 127 4301 A
231 4246 263 4299 14
284 4218 382 4329 eduino
402 4249 430 4311 (u
449 4261 518 4299 am.
537 4247 565 4309 2)
584 4243 611 4297 A
