2774 4830
503 316 654 371 Paschsl.
672 316 790 385 Operis
810 314 879 369 Lib.
898 315 922 371 Ι.
1214 319 1276 386 183

149 509 316 575 uidebatur
338 510 456 582 ardere,
485 506 572 572 ouius
596 506 740 573 materies
763 528 818 575 nec
841 506 994 573 incendiis
1017 506 1168 572 alimenta
1184 524 1274 590 prae·

150 611 260 677 stabat
282 629 339 676 neo
361 610 543 675 circumfusi
567 611 677 676 caloris
699 612 771 696 igne
794 615 936 694 correpta
958 609 1155 675 detrimentis
1173 609 1274 675 exusti

148 716 269 781 roboris
301 713 492 780 subiacebat.
528 715 575 779 ita
604 714 705 779 diuini
727 714 846 781 fomitis
870 713 1099 796 temperabatur
1121 714 1274 791 adtactus,

147 826 187 884 nt
203 818 383 884 blandiente
399 819 494 883 ramis
511 818 726 884 aestuantibus
748 818 876 883 flamma
898 817 1044 899 splendor
1065 818 1097 882 in
1113 815 1275 883 frondibus

124 946 139 985 s
148 922 326 987 comeretur
349 938 415 985 esse
437 938 500 983 non
522 938 629 1002 poena.

191 1040 279 1106 Mitis
303 1041 409 1124 uirgae
431 1042 545 1106 natura
566 1039 740 1105 tractabilis
763 1041 796 1105 in
818 1041 962 1106 inmitem
985 1045 1017 1107 et
1038 1041 1303 1111 intractabilemt

146 1148 274 1209 mutata
295 1146 344 1210 est
367 1147 550 1209 draconem:
574 1162 653 1226 qnae
674 1144 814 1225 uipereos
836 1146 939 1210 motus
962 1149 1029 1210 tam
1051 1144 1175 1210 sinuoso
1195 1144 1273 1211 flexa

146 1246 307 1312 uolumine
333 1265 427 1329 quam
449 1247 593 1312 trisulcae
623 1246 774 1312 uibrando
795 1248 919 1332 linguas
948 1266 1102 1327 exercens,
1131 1248 1272 1333 geminos

145 1350 293 1416 inimicae
328 1350 447 1415 fraudis
479 1369 596 1433 angues
630 1351 789 1417 absorbuit
821 1357 914 1435 atque
949 1353 1105 1435 propriam
1140 1351 1271 1436 uirgulti

110 1483 136 1521 10
147 1454 282 1536 speeiem
305 1454 407 1538 rigida
428 1473 536 1520 rursus
559 1456 731 1521 mutatione
754 1456 900 1538 suscepit.

190 1575 252 1639 Per
274 1574 376 1640 media
398 1576 528 1641 marinis
551 1575 699 1641 fluctibus
720 1575 875 1659 profunda
904 1575 1037 1641 latentia
1065 1575 1215 1641 reuolutis
1236 1576 1303 1643 ins

145 1677 311 1759 geminum
343 1678 426 1744 latus
449 1679 542 1743 undis
565 1683 597 1744 et
620 1696 771 1761 aequorea
792 1678 943 1744 diuinitus
965 1678 1178 1746 aedificatione
1201 1696 1270 1745 sus·
1314 1700 1318 1707 ·

146 1781 253 1861 peusis
275 1780 428 1860 pedestris
443 1782 537 1847 turba
551 1780 708 1846 transiuit.
725 1781 818 1847 stetit
833 1782 968 1864 undique
983 1786 1097 1863 pontus
1112 1786 1148 1847 ut
1164 1800 1272 1848 murus

146 1886 180 1947 et
208 1885 332 1967 cognati
358 1883 492 1968 gurgitis
522 1886 655 1967 spoliata
676 1885 830 1950 uelamine
859 1885 953 1950 tellus
981 1885 1154 1966 permansit
1175 1886 1271 1972 nuda,

109 1986 245 2050 isdonec
272 1988 404 2069 populus
426 1986 536 2071 pelago
558 1988 703 2071 gradiens
732 1987 860 2052 absente
891 2006 945 2070 per
973 1988 1101 2071 pelagus
1129 1990 1272 2073 uestigiis

148 2089 305 2172 hospitam
327 2090 498 2174 peregrinis
520 2109 651 2173 aquosae
673 2092 758 2156 uiam
781 2094 921 2173 carperet
943 2089 1105 2161 siccitatis.
1132 2093 1269 2157 mutauit

147 2196 259 2257 natura
291 2192 436 2258 semitam
477 2193 561 2259 iussa
604 2194 768 2277 paululum
806 2194 942 2260 relaxare
979 2195 1203 2276 constantiam,
1239 2198 1271 2260 et

146 2295 310 2360 innumera
344 2296 456 2362 lubrici
487 2298 563 2363 salis
605 2317 729 2382 campos
763 2300 935 2365 multitudo
969 2300 1162 2384 mansgressa
1194 2298 1271 2365 rude

148 2398 350 2481 baptismatis
373 2400 557 2482 mysterium
580 2401 743 2467 nesciendo
765 2402 921 2481 cernebat,
945 2420 1023 2484 quae
1045 2420 1097 2483 per
1118 2419 1270 2484 aquarum

107 2501 229 2569 noireto
250 2501 385 2568 salubria
410 2502 485 2568 duce
508 2502 633 2569 christo
663 2505 865 2570 transiuerat.
894 2503 939 2569 ita
967 2504 1099 2587 denique
1122 2505 1271 2587 propheta

146 2603 540 2689 cecinitillasignificans:
564 2626 635 2673 nor
653 2606 809 2672 Domini
832 2626 947 2690 super
969 2627 1091 2690 aquas
1114 2608 1269 2675 multas.

146 2725 256 2773 uocem
277 2708 376 2792 igitur
398 2710 526 2775 uerbum
551 2711 613 2776 dici
635 2713 704 2793 quis
727 2712 874 2778 dubitat?
896 2713 1027 2777 uerbum
1045 2713 1143 2794 patris
1165 2711 1272 2776 autem

247 2862 279 2915 21
300 2862 332 2915 ci.
351 2862 451 2919 Psalm.
468 2864 510 2930 28,
528 2864 545 2917 3

196 2998 398 3053 doircuminlei
416 2999 478 3055 RH
570 3002 635 3055 3et
652 3003 741 3057 tactus
759 3002 840 3058 RHo
934 2969 1055 3089 trumba
1073 3004 1108 3057 H
1195 3004 1273 3059 darn·

144 3116 204 3154 ma·
221 3108 245 3163 (s
263 3108 342 3165 eros.)
361 3104 392 3163 P.
422 3103 543 3158 dammas
560 3105 600 3170 R,
629 3103 740 3160 flamine
757 3108 824 3161 Por.
921 3107 1054 3161 frontibus
1072 3108 1103 3162 Η
1200 3110 1272 3164 on:

143 3202 234 3241 mss
256 3202 343 3243 morsi
368 3204 400 3243 nr
423 3193 678 3246 ceramussense
701 3192 741 3256 R,
776 3208 813 3247 nn
835 3208 924 3247 mon
946 3208 979 3247 nr
1003 3208 1156 3249 onsoom
1179 3210 1273 3251 uasa

145 3287 210 3330 nrm
232 3289 264 3328 nr
289 3290 321 3327 ss
343 3289 472 3329 nessass
495 3276 539 3341 Η,
566 3277 599 3329 de
625 3277 704 3345 uirga
730 3278 848 3333 eiusdem
872 3279 956 3347 moysi
979 3279 1008 3332 in
1032 3280 1170 3336 draconem
1194 3297 1273 3336 norm

143 3364 227 3428 atque
244 3361 273 3414 in
291 3378 319 3414 se
336 3377 481 3417 reuersae
583 3363 704 3417 inmitem
729 3364 773 3429 Η,
808 3364 940 3418 immitem
966 3365 1017 3420 PR
1120 3365 1187 3420 'lin
1210 3368 1272 3422 dre·

143 3478 235 3516 eonem
255 3463 288 3516 H
379 3481 430 3533 que
448 3466 480 3532 P,
516 3472 567 3535 que
584 3468 620 3533 R,
657 3484 708 3537 qua
726 3469 774 3567 Hp
879 3459 975 3523 sinuo''
992 3470 1020 3523 P
1115 3468 1179 3523 dex·
1195 3472 1273 3525 nolu-

144 3566 216 3620 rnine
233 3566 273 3633 11,
304 3566 371 3622 lleru
390 3568 560 3625 uolumineo
663 3572 697 3626 10
714 3572 825 3659 spetiem
844 3574 871 3626 P
885 3588 953 3627 corr.
964 3575 1032 3626 Μ
1123 3573 1273 3627 motatione

144 3669 178 3722 Η
279 3673 309 3725 11
334 3686 370 3725 ns
393 3686 539 3728 nrvrsrorrr
560 3689 649 3729 rosano
666 3676 707 3741 R,
742 3691 779 3730 ns
797 3689 909 3731 srocsno
928 3690 1003 3731 urnas
1021 3688 1130 3731 rorone
1147 3689 1274 3729 marm

144 3790 190 3854 Η,
225 3790 257 3845 de
281 3792 424 3846 siccatione
445 3794 527 3848 maris
550 3795 645 3863 populo
669 3794 791 3849 Israelo
894 3795 927 3848 12
953 3760 1031 3865 gessbu
1055 3796 1083 3849 P
1103 3810 1172 3849 corr.
1190 3810 1225 3848 m.
1242 3796 1273 3860 2,

144 3883 294 3978 ingenrzum
312 3910 347 3965 H
360 3927 431 3966 corr.
449 3916 516 3967 Μ
613 3913 664 3968 lati
680 3914 716 3968 H
809 3880 982 3970 aedidmtone
999 3915 1031 3969 H
1046 3930 1116 3969 corr.
1134 3919 1203 3968 aaz

145 4030 178 4084 14
202 4030 274 4116 unda
296 4031 328 4097 P,
364 4030 433 4085 nudo
456 4031 490 4084 Η
591 4035 623 4087 15
640 4033 763 4088 abesente
781 4033 815 4088 H
914 4036 1022 4105 pelagos
1040 4034 1074 4087 Η
1174 4032 1206 4087 17
1223 4048 1272 4087 na·

143 4137 233 4236 turem
251 4151 285 4204 Η
369 4154 403 4206 18
420 4152 492 4223 solis]
507 4154 618 4209 iscoos
637 4153 665 4207 P
747 4153 780 4207 19
797 4154 917 4210 misterio
935 4155 969 4208 H
1046 4156 1080 4209 22
1096 4154 1214 4211 »or-ebat
1231 4152 1273 4217 Π,

142 4256 287 4325 gerstete
390 4258 475 4326 patrio
492 4272 577 4313 cono
675 4260 762 4311 antem
782 4258 868 4327 petris
885 4258 913 4314 R
