<?xml version="1.0" encoding="UTF-8"?>
<!DOCTYPE html PUBLIC "-//W3C//DTD XHTML 1.0 Transitional//EN"
    "http://www.w3.org/TR/xhtml1/DTD/xhtml1-transitional.dtd">
<html xmlns="http://www.w3.org/1999/xhtml" xml:lang="en" lang="en">
 <head>
  <title>
</title>
<meta http-equiv="Content-Type" content="text/html;charset=utf-8" />
  <meta name='ocr-system' content='tesseract 3.04.00' />
  <meta name='ocr-capabilities' content='ocr_page ocr_carea ocr_par ocr_line ocrx_word'/>
</head>
<body>
  <div class='ocr_page' id='page_1' title='image "./sedvliioperaomn01remigoog_0412.png"; bbox 0 0 2774 4830; ppageno 0'>
   <div class='ocr_carea' id='block_1_1' title="bbox 110 321 766 390">
    <p class='ocr_par' dir='ltr' id='par_1_1' title="bbox 110 321 766 390">
     <span class='ocr_line' id='line_1_1' title="bbox 110 321 766 390; baseline 0.005 -15"><span class='ocrx_word' id='word_1_1' title='bbox 110 322 173 388; x_wconf 81' lang='lat'><strong>348</strong></span> <span class='ocrx_word' id='word_1_2' title='bbox 581 321 766 390; x_wconf 78' lang='lat' dir='ltr'><strong>Appendix.</strong></span> 
     </span>
    </p>
   </div>
   <div class='ocr_carea' id='block_1_2' title="bbox 12 514 1271 4199">
    <p class='ocr_par' dir='ltr' id='par_1_2' title="bbox 12 514 1271 4199">
     <span class='ocr_line' id='line_1_2' title="bbox 109 514 1239 590; baseline 0.003 -16"><span class='ocrx_word' id='word_1_3' title='bbox 109 519 139 574; x_wconf 90' lang='lat' dir='ltr'><strong>et</strong></span> <span class='ocrx_word' id='word_1_4' title='bbox 161 516 334 589; x_wconf 84' lang='lat' dir='ltr'><strong>prodigium,</strong></span> <span class='ocrx_word' id='word_1_5' title='bbox 357 517 474 588; x_wconf 80' lang='lat' dir='ltr'><strong>signum</strong></span> <span class='ocrx_word' id='word_1_6' title='bbox 497 518 569 590; x_wconf 87' lang='lat' dir='ltr'><strong>quod</strong></span> <span class='ocrx_word' id='word_1_7' title='bbox 599 516 694 576; x_wconf 85' lang='lat' dir='ltr'><strong>subito</strong></span> <span class='ocrx_word' id='word_1_8' title='bbox 717 520 831 575; x_wconf 89' lang='lat' dir='ltr'><strong>tantum</strong></span> <span class='ocrx_word' id='word_1_9' title='bbox 860 519 905 575; x_wconf 88' lang='lat' dir='ltr'><strong>est</strong></span> <span class='ocrx_word' id='word_1_10' title='bbox 930 522 960 575; x_wconf 92' lang='lat' dir='ltr'><strong>et</strong></span> <span class='ocrx_word' id='word_1_11' title='bbox 980 515 1054 575; x_wconf 87' lang='lat' dir='ltr'><strong>nihil</strong></span> <span class='ocrx_word' id='word_1_12' title='bbox 1078 514 1239 589; x_wconf 76' lang='lat' dir='ltr'><strong>significet</strong></span> 
     </span>
     <span class='ocr_line' id='line_1_3' title="bbox 12 617 1240 694; baseline 0.007 -24"><span class='ocrx_word' id='word_1_13' title='bbox 12 618 240 692; x_wconf 76' lang='lat' dir='ltr'><strong>m-eacLepra.</strong></span> <span class='ocrx_word' id='word_1_14' title='bbox 277 617 370 692; x_wconf 86' lang='lat' dir='ltr'><strong>Lepre</strong></span> <span class='ocrx_word' id='word_1_15' title='bbox 391 620 435 677; x_wconf 89' lang='lat' dir='ltr'><strong>est</strong></span> <span class='ocrx_word' id='word_1_16' title='bbox 457 620 573 693; x_wconf 80' lang='lat' dir='ltr'><strong>porrigo</strong></span> <span class='ocrx_word' id='word_1_17' title='bbox 596 618 643 678; x_wconf 90' lang='lat' dir='ltr'><strong>nel</strong></span> <span class='ocrx_word' id='word_1_18' title='bbox 664 619 781 693; x_wconf 79' lang='lat' dir='ltr'><strong>prurigo</strong></span> <span class='ocrx_word' id='word_1_19' title='bbox 804 618 867 678; x_wconf 89' lang='lat' dir='ltr'><strong>siue</strong></span> <span class='ocrx_word' id='word_1_20' title='bbox 882 617 1024 694; x_wconf 78' lang='lat' dir='ltr'><strong>ebullitio,</strong></span> <span class='ocrx_word' id='word_1_21' title='bbox 1045 618 1117 692; x_wconf 89' lang='lat' dir='ltr'><strong>quia</strong></span> <span class='ocrx_word' id='word_1_22' title='bbox 1138 620 1240 678; x_wconf 91' lang='lat' dir='ltr'><strong>humor</strong></span> 
     </span>
     <span class='ocr_line' id='line_1_4' title="bbox 111 720 1240 795; baseline 0.001 -17"><span class='ocrx_word' id='word_1_23' title='bbox 111 720 243 794; x_wconf 90' lang='lat' dir='ltr'><strong>putridus</strong></span> <span class='ocrx_word' id='word_1_24' title='bbox 266 738 283 779; x_wconf 85' lang='lat' dir='ltr'><strong>a</strong></span> <span class='ocrx_word' id='word_1_25' title='bbox 306 737 423 794; x_wconf 88' lang='lat' dir='ltr'><strong>corpore</strong></span> <span class='ocrx_word' id='word_1_26' title='bbox 445 721 563 792; x_wconf 78' lang='lat' dir='ltr'><strong>deduit3</strong></span> <span class='ocrx_word' id='word_1_27' title='bbox 586 720 651 795; x_wconf 89' lang='lat' dir='ltr'><strong>ipsa</strong></span> <span class='ocrx_word' id='word_1_28' title='bbox 673 722 754 795; x_wconf 81' lang='lat' dir='ltr'><strong>lepra</strong></span> <span class='ocrx_word' id='word_1_29' title='bbox 787 724 962 795; x_wconf 80' lang='lat' dir='ltr'><strong>portentum.</strong></span> <span class='ocrx_word' id='word_1_30' title='bbox 1008 721 1193 781; x_wconf 90' lang='lat' dir='ltr'><strong>Obscenis</strong></span> <span class='ocrx_word' id='word_1_31' title='bbox 1214 721 1240 779; x_wconf 90' lang='lat' dir='ltr'><strong>·i·</strong></span> 
     </span>
     <span class='ocr_line' id='line_1_5' title="bbox 111 823 1240 900; baseline 0.003 -19"><span class='ocrx_word' id='word_1_32' title='bbox 111 838 175 882; x_wconf 90' lang='lat' dir='ltr'><strong>cnm</strong></span> <span class='ocrx_word' id='word_1_33' title='bbox 201 824 344 897; x_wconf 86' lang='lat' dir='ltr'><strong>turpibus¹</strong></span> <span class='ocrx_word' id='word_1_34' title='bbox 392 823 537 884; x_wconf 81' lang='lat' dir='ltr'><strong>Obscenae</strong></span> <span class='ocrx_word' id='word_1_35' title='bbox 561 842 629 884; x_wconf 90' lang='lat' dir='ltr'><strong>aues</strong></span> <span class='ocrx_word' id='word_1_36' title='bbox 653 825 783 900; x_wconf 80' lang='lat' dir='ltr'><strong>dicimus,</strong></span> <span class='ocrx_word' id='word_1_37' title='bbox 806 841 879 898; x_wconf 88' lang='lat' dir='ltr'><strong>quae</strong></span> <span class='ocrx_word' id='word_1_38' title='bbox 900 825 1006 884; x_wconf 88' lang='lat' dir='ltr'><strong>malum</strong></span> <span class='ocrx_word' id='word_1_39' title='bbox 1029 840 1113 884; x_wconf 90' lang='lat' dir='ltr'><strong>omen</strong></span> <span class='ocrx_word' id='word_1_40' title='bbox 1138 825 1167 884; x_wconf 92' lang='lat' dir='ltr'><strong>·i·</strong></span> <span class='ocrx_word' id='word_1_41' title='bbox 1190 842 1240 884; x_wconf 90' lang='lat' dir='ltr'><strong>au·</strong></span> 
     </span>
     <span class='ocr_line' id='line_1_6' title="bbox 110 926 1269 1002; baseline 0.002 -16"><span class='ocrx_word' id='word_1_42' title='bbox 110 927 224 1002; x_wconf 81' lang='lat' dir='ltr'><strong>gotium</strong></span> <span class='ocrx_word' id='word_1_43' title='bbox 247 928 346 987; x_wconf 82' lang='lat' dir='ltr'><strong>lerunt</strong></span> <span class='ocrx_word' id='word_1_44' title='bbox 369 929 397 986; x_wconf 92' lang='lat' dir='ltr'><strong>et</strong></span> <span class='ocrx_word' id='word_1_45' title='bbox 418 931 486 987; x_wconf 91' lang='lat' dir='ltr'><strong>tunc</strong></span> <span class='ocrx_word' id='word_1_46' title='bbox 509 929 686 1002; x_wconf 78' lang='lat' dir='ltr'><strong>componitur</strong></span> <span class='ocrx_word' id='word_1_47' title='bbox 702 947 719 987; x_wconf 96' lang='lat' dir='ltr'><strong>a</strong></span> <span class='ocrx_word' id='word_1_48' title='bbox 735 944 807 987; x_wconf 87' lang='lat' dir='ltr'><strong>cano</strong></span> <span class='ocrx_word' id='word_1_49' title='bbox 830 927 928 988; x_wconf 85' lang='lat' dir='ltr'><strong>uerbo.</strong></span> <span class='ocrx_word' id='word_1_50' title='bbox 960 927 1110 989; x_wconf 84' lang='lat' dir='ltr'><strong>Obscenos</strong></span> <span class='ocrx_word' id='word_1_51' title='bbox 1126 942 1197 988; x_wconf 87' lang='lat' dir='ltr'><strong>uero</strong></span> <span class='ocrx_word' id='word_1_52' title='bbox 1212 926 1269 988; x_wconf 82' lang='lat' dir='ltr'><strong>·i·e</strong></span> 
     </span>
     <span class='ocr_line' id='line_1_7' title="bbox 110 1030 1238 1105; baseline 0.004 -17"><span class='ocrx_word' id='word_1_53' title='bbox 110 1031 204 1105; x_wconf 89' lang='lat' dir='ltr'><strong>turpis</strong></span> <span class='ocrx_word' id='word_1_54' title='bbox 221 1050 238 1090; x_wconf 89' lang='lat' dir='ltr'><strong>a</strong></span> <span class='ocrx_word' id='word_1_55' title='bbox 254 1048 324 1091; x_wconf 88' lang='lat' dir='ltr'><strong>ceno</strong></span> <span class='ocrx_word' id='word_1_56' title='bbox 347 1031 525 1104; x_wconf 76' lang='lat' dir='ltr'><strong>componitur</strong></span> <span class='ocrx_word' id='word_1_57' title='bbox 549 1033 576 1089; x_wconf 88' lang='lat' dir='ltr'><strong>·i·</strong></span> <span class='ocrx_word' id='word_1_58' title='bbox 601 1033 637 1090; x_wconf 92' lang='lat' dir='ltr'><strong>ah</strong></span> <span class='ocrx_word' id='word_1_59' title='bbox 653 1031 722 1091; x_wconf 92' lang='lat' dir='ltr'><strong>luto.</strong></span> <span class='ocrx_word' id='word_1_60' title='bbox 758 1030 895 1091; x_wconf 83' lang='lat' dir='ltr'><strong>Reduci</strong></span> <span class='ocrx_word' id='word_1_61' title='bbox 911 1033 937 1091; x_wconf 91' lang='lat' dir='ltr'><strong>·i·</strong></span> <span class='ocrx_word' id='word_1_62' title='bbox 954 1048 1102 1093; x_wconf 87' lang='lat' dir='ltr'><strong>conuerso.</strong></span> <span class='ocrx_word' id='word_1_63' title='bbox 1139 1031 1238 1092; x_wconf 80' lang='lat' dir='ltr'><strong>Bedun</strong></span> 
     </span>
     <span class='ocr_line' id='line_1_8' title="bbox 110 1133 1238 1208; baseline 0.004 -17"><span class='ocrx_word' id='word_1_64' title='bbox 110 1134 215 1193; x_wconf 88' lang='lat' dir='ltr'><strong>dicitur</strong></span> <span class='ocrx_word' id='word_1_65' title='bbox 238 1134 286 1207; x_wconf 90' lang='lat' dir='ltr'><strong>qui</strong></span> <span class='ocrx_word' id='word_1_66' title='bbox 309 1136 344 1193; x_wconf 90' lang='lat' dir='ltr'><strong>de</strong></span> <span class='ocrx_word' id='word_1_67' title='bbox 367 1133 463 1206; x_wconf 88' lang='lat' dir='ltr'><strong>aliquo</strong></span> <span class='ocrx_word' id='word_1_68' title='bbox 487 1134 613 1207; x_wconf 89' lang='lat' dir='ltr'><strong>periculo</strong></span> <span class='ocrx_word' id='word_1_69' title='bbox 637 1134 729 1193; x_wconf 91' lang='lat' dir='ltr'><strong>uenit.</strong></span> <span class='ocrx_word' id='word_1_70' title='bbox 775 1133 908 1192; x_wconf 78' lang='lat' dir='ltr'><strong>Christos</strong></span> <span class='ocrx_word' id='word_1_71' title='bbox 935 1149 1059 1208; x_wconf 87' lang='lat' dir='ltr'><strong>namque</strong></span> <span class='ocrx_word' id='word_1_72' title='bbox 1082 1135 1129 1194; x_wconf 91' lang='lat' dir='ltr'><strong>est</strong></span> <span class='ocrx_word' id='word_1_73' title='bbox 1153 1150 1238 1195; x_wconf 85' lang='lat' dir='ltr'><strong>ueros</strong></span> 
     </span>
     <span class='ocr_line' id='line_1_9' title="bbox 109 1234 1238 1309; baseline -0.001 -14"><span class='ocrx_word' id='word_1_74' title='bbox 109 1237 254 1304; x_wconf 89' lang='lat' dir='ltr'><strong>sacerdos,</strong></span> <span class='ocrx_word' id='word_1_75' title='bbox 277 1237 326 1309; x_wconf 89' lang='lat' dir='ltr'><strong>qui</strong></span> <span class='ocrx_word' id='word_1_76' title='bbox 351 1251 382 1293; x_wconf 88' lang='lat' dir='ltr'><strong>se</strong></span> <span class='ocrx_word' id='word_1_77' title='bbox 406 1236 498 1308; x_wconf 91' lang='lat' dir='ltr'><strong>ipsum</strong></span> <span class='ocrx_word' id='word_1_78' title='bbox 521 1237 550 1293; x_wconf 91' lang='lat' dir='ltr'><strong>et</strong></span> <span class='ocrx_word' id='word_1_79' title='bbox 571 1252 628 1295; x_wconf 92' lang='lat' dir='ltr'><strong>non</strong></span> <span class='ocrx_word' id='word_1_80' title='bbox 651 1234 737 1294; x_wconf 86' lang='lat' dir='ltr'><strong>aliam</strong></span> <span class='ocrx_word' id='word_1_81' title='bbox 760 1236 885 1295; x_wconf 91' lang='lat' dir='ltr'><strong>hostiam</strong></span> <span class='ocrx_word' id='word_1_82' title='bbox 908 1250 959 1308; x_wconf 91' lang='lat' dir='ltr'><strong>pro</strong></span> <span class='ocrx_word' id='word_1_83' title='bbox 981 1236 1081 1294; x_wconf 89' lang='lat' dir='ltr'><strong>mnndi</strong></span> <span class='ocrx_word' id='word_1_84' title='bbox 1096 1235 1195 1297; x_wconf 81' lang='lat' dir='ltr'><strong>salute</strong></span> <span class='ocrx_word' id='word_1_85' title='bbox 1209 1237 1238 1295; x_wconf 93' lang='lat' dir='ltr'><strong>in</strong></span> 
     </span>
     <span class='ocr_line' id='line_1_10' title="bbox 109 1337 1237 1412; baseline 0.003 -14"><span class='ocrx_word' id='word_1_86' title='bbox 109 1357 161 1398; x_wconf 87' lang='lat' dir='ltr'><strong>era</strong></span> <span class='ocrx_word' id='word_1_87' title='bbox 194 1337 286 1397; x_wconf 90' lang='lat' dir='ltr'><strong>crucis</strong></span> <span class='ocrx_word' id='word_1_88' title='bbox 320 1337 435 1396; x_wconf 88' lang='lat' dir='ltr'><strong>obtulit.</strong></span> <span class='ocrx_word' id='word_1_89' title='bbox 480 1337 765 1397; x_wconf 82' lang='lat' dir='ltr'><strong>Melchisedech</strong></span> <span class='ocrx_word' id='word_1_90' title='bbox 792 1339 1003 1412; x_wconf 88' lang='lat' dir='ltr'><strong>interpretatur</strong></span> <span class='ocrx_word' id='word_1_91' title='bbox 1024 1355 1074 1397; x_wconf 87' lang='lat' dir='ltr'><strong>rex</strong></span> <span class='ocrx_word' id='word_1_92' title='bbox 1097 1338 1237 1401; x_wconf 88' lang='lat' dir='ltr'><strong>institiae.</strong></span> 
     </span>
     <span class='ocr_line' id='line_1_11' title="bbox 109 1440 1269 1513; baseline 0.002 -13"><span class='ocrx_word' id='word_1_93' title='bbox 109 1440 239 1500; x_wconf 91' lang='lat' dir='ltr'><strong>Melchue</strong></span> <span class='ocrx_word' id='word_1_94' title='bbox 263 1457 320 1510; x_wconf 86' lang='lat' dir='ltr'><strong>rer,</strong></span> <span class='ocrx_word' id='word_1_95' title='bbox 345 1440 406 1499; x_wconf 91' lang='lat' dir='ltr'><strong>side</strong></span> <span class='ocrx_word' id='word_1_96' title='bbox 427 1440 566 1508; x_wconf 90' lang='lat' dir='ltr'><strong>institiae,</strong></span> <span class='ocrx_word' id='word_1_97' title='bbox 590 1441 639 1513; x_wconf 92' lang='lat' dir='ltr'><strong>qui</strong></span> <span class='ocrx_word' id='word_1_98' title='bbox 662 1441 774 1500; x_wconf 91' lang='lat' dir='ltr'><strong>nomine</strong></span> <span class='ocrx_word' id='word_1_99' title='bbox 797 1443 827 1501; x_wconf 94' lang='lat' dir='ltr'><strong>et</strong></span> <span class='ocrx_word' id='word_1_100' title='bbox 848 1443 914 1500; x_wconf 90' lang='lat' dir='ltr'><strong>actu</strong></span> <span class='ocrx_word' id='word_1_101' title='bbox 930 1441 1075 1500; x_wconf 78' lang='lat' dir='ltr'><strong>Christum</strong></span> <span class='ocrx_word' id='word_1_102' title='bbox 1092 1443 1269 1509; x_wconf 73' lang='lat' dir='ltr'><strong>ostenditrro</strong></span> 
     </span>
     <span class='ocr_line' id='line_1_12' title="bbox 109 1544 1237 1620; baseline 0 -15"><span class='ocrx_word' id='word_1_103' title='bbox 109 1548 176 1606; x_wconf 88' lang='lat' dir='ltr'><strong>actu</strong></span> <span class='ocrx_word' id='word_1_104' title='bbox 199 1544 265 1618; x_wconf 87' lang='lat' dir='ltr'><strong>quia</strong></span> <span class='ocrx_word' id='word_1_105' title='bbox 280 1544 413 1603; x_wconf 79' lang='lat' dir='ltr'><strong>Christos</strong></span> <span class='ocrx_word' id='word_1_106' title='bbox 436 1560 537 1617; x_wconf 90' lang='lat' dir='ltr'><strong>panem</strong></span> <span class='ocrx_word' id='word_1_107' title='bbox 560 1546 590 1603; x_wconf 88' lang='lat' dir='ltr'><strong>et</strong></span> <span class='ocrx_word' id='word_1_108' title='bbox 612 1544 713 1604; x_wconf 91' lang='lat' dir='ltr'><strong>uinum</strong></span> <span class='ocrx_word' id='word_1_109' title='bbox 736 1546 767 1604; x_wconf 93' lang='lat' dir='ltr'><strong>in</strong></span> <span class='ocrx_word' id='word_1_110' title='bbox 791 1546 956 1619; x_wconf 85' lang='lat' dir='ltr'><strong>mysterium</strong></span> <span class='ocrx_word' id='word_1_111' title='bbox 972 1547 1101 1620; x_wconf 91' lang='lat' dir='ltr'><strong>corporis</strong></span> <span class='ocrx_word' id='word_1_112' title='bbox 1118 1550 1151 1605; x_wconf 89' lang='lat' dir='ltr'><strong>et</strong></span> <span class='ocrx_word' id='word_1_113' title='bbox 1167 1563 1237 1605; x_wconf 89' lang='lat' dir='ltr'><strong>san·</strong></span> 
     </span>
     <span class='ocr_line' id='line_1_13' title="bbox 108 1647 1238 1723; baseline 0 -16"><span class='ocrx_word' id='word_1_114' title='bbox 108 1647 203 1723; x_wconf 81' lang='lat' dir='ltr'><strong>guinis</strong></span> <span class='ocrx_word' id='word_1_115' title='bbox 227 1648 272 1708; x_wconf 91' lang='lat' dir='ltr'><strong>sui</strong></span> <span class='ocrx_word' id='word_1_116' title='bbox 294 1647 433 1721; x_wconf 85' lang='lat' dir='ltr'><strong>instituit,</strong></span> <span class='ocrx_word' id='word_1_117' title='bbox 467 1647 640 1707; x_wconf 89' lang='lat' dir='ltr'><strong>sicutenim</strong></span> <span class='ocrx_word' id='word_1_118' title='bbox 671 1647 880 1707; x_wconf 82' lang='lat' dir='ltr'><strong>Melchisedech</strong></span> <span class='ocrx_word' id='word_1_119' title='bbox 904 1648 1010 1722; x_wconf 82' lang='lat' dir='ltr'><strong>legitor</strong></span> <span class='ocrx_word' id='word_1_120' title='bbox 1032 1649 1162 1723; x_wconf 90' lang='lat' dir='ltr'><strong>primum</strong></span> <span class='ocrx_word' id='word_1_121' title='bbox 1185 1666 1238 1723; x_wconf 89' lang='lat' dir='ltr'><strong>pa·</strong></span> 
     </span>
     <span class='ocr_line' id='line_1_14' title="bbox 108 1750 1237 1825; baseline 0.001 -15"><span class='ocrx_word' id='word_1_122' title='bbox 108 1768 171 1810; x_wconf 92' lang='lat' dir='ltr'><strong>nem</strong></span> <span class='ocrx_word' id='word_1_123' title='bbox 188 1752 218 1810; x_wconf 88' lang='lat' dir='ltr'><strong>et</strong></span> <span class='ocrx_word' id='word_1_124' title='bbox 233 1751 330 1810; x_wconf 90' lang='lat' dir='ltr'><strong>uinum</strong></span> <span class='ocrx_word' id='word_1_125' title='bbox 347 1751 399 1811; x_wconf 91' lang='lat' dir='ltr'><strong>doo</strong></span> <span class='ocrx_word' id='word_1_126' title='bbox 423 1753 451 1809; x_wconf 91' lang='lat' dir='ltr'><strong>iu</strong></span> <span class='ocrx_word' id='word_1_127' title='bbox 467 1750 639 1811; x_wconf 85' lang='lat' dir='ltr'><strong>sacrificium</strong></span> <span class='ocrx_word' id='word_1_128' title='bbox 656 1751 806 1812; x_wconf 87' lang='lat' dir='ltr'><strong>obtulisse.</strong></span> <span class='ocrx_word' id='word_1_129' title='bbox 841 1754 1059 1825; x_wconf 79' lang='lat' dir='ltr'><strong>importuna</strong></span> <span class='ocrx_word' id='word_1_130' title='bbox 1080 1752 1107 1810; x_wconf 88' lang='lat' dir='ltr'><strong>·i-</strong></span> <span class='ocrx_word' id='word_1_131' title='bbox 1130 1752 1237 1811; x_wconf 82' lang='lat' dir='ltr'><strong>infesta</strong></span> 
     </span>
     <span class='ocr_line' id='line_1_15' title="bbox 108 1853 1237 1929; baseline 0.001 -16"><span class='ocrx_word' id='word_1_132' title='bbox 108 1870 307 1928; x_wconf 87' lang='lat' dir='ltr'><strong>perseuerans.</strong></span> <span class='ocrx_word' id='word_1_133' title='bbox 332 1854 438 1914; x_wconf 87' lang='lat' dir='ltr'><strong>Portos</strong></span> <span class='ocrx_word' id='word_1_134' title='bbox 461 1858 507 1912; x_wconf 89' lang='lat' dir='ltr'><strong>est</strong></span> <span class='ocrx_word' id='word_1_135' title='bbox 530 1854 618 1914; x_wconf 89' lang='lat' dir='ltr'><strong>statio</strong></span> <span class='ocrx_word' id='word_1_136' title='bbox 642 1857 671 1913; x_wconf 92' lang='lat' dir='ltr'><strong>et</strong></span> <span class='ocrx_word' id='word_1_137' title='bbox 693 1853 807 1927; x_wconf 86' lang='lat' dir='ltr'><strong>requies</strong></span> <span class='ocrx_word' id='word_1_138' title='bbox 824 1856 950 1929; x_wconf 84' lang='lat' dir='ltr'><strong>nauium,</strong></span> <span class='ocrx_word' id='word_1_139' title='bbox 974 1854 1040 1912; x_wconf 91' lang='lat' dir='ltr'><strong>hinc</strong></span> <span class='ocrx_word' id='word_1_140' title='bbox 1063 1854 1237 1927; x_wconf 87' lang='lat' dir='ltr'><strong>inportunos</strong></span> 
     </span>
     <span class='ocr_line' id='line_1_16' title="bbox 107 1957 1269 2031; baseline 0.001 -15"><span class='ocrx_word' id='word_1_141' title='bbox 107 1958 213 2018; x_wconf 91' lang='lat' dir='ltr'><strong>dicitnr</strong></span> <span class='ocrx_word' id='word_1_142' title='bbox 235 1957 319 2031; x_wconf 87' lang='lat' dir='ltr'><strong>quasi</strong></span> <span class='ocrx_word' id='word_1_143' title='bbox 342 1958 405 2016; x_wconf 94' lang='lat' dir='ltr'><strong>sine</strong></span> <span class='ocrx_word' id='word_1_144' title='bbox 428 1959 513 2030; x_wconf 91' lang='lat' dir='ltr'><strong>portu</strong></span> <span class='ocrx_word' id='word_1_145' title='bbox 535 1960 565 2016; x_wconf 87' lang='lat' dir='ltr'><strong>et</strong></span> <span class='ocrx_word' id='word_1_146' title='bbox 588 1958 651 2018; x_wconf 87' lang='lat' dir='ltr'><strong>sina</strong></span> <span class='ocrx_word' id='word_1_147' title='bbox 680 1958 788 2030; x_wconf 87' lang='lat' dir='ltr'><strong>requie.</strong></span> <span class='ocrx_word' id='word_1_148' title='bbox 834 1957 1050 2017; x_wconf 86' lang='lat' dir='ltr'><strong>Vuanimum</strong></span> <span class='ocrx_word' id='word_1_149' title='bbox 1075 1957 1102 2016; x_wconf 89' lang='lat' dir='ltr'><strong>·i·</strong></span> <span class='ocrx_word' id='word_1_150' title='bbox 1126 1974 1269 2030; x_wconf 77' lang='lat' dir='ltr'><strong>carom‚o</strong></span> 
     </span>
     <span class='ocr_line' id='line_1_17' title="bbox 108 2060 1237 2134; baseline -0.002 -14"><span class='ocrx_word' id='word_1_151' title='bbox 108 2061 203 2121; x_wconf 84' lang='lat' dir='ltr'><strong>fidum.</strong></span> <span class='ocrx_word' id='word_1_152' title='bbox 243 2061 403 2121; x_wconf 84' lang='lat' dir='ltr'><strong>Petebat</strong></span> <span class='ocrx_word' id='word_1_153' title='bbox 424 2078 558 2134; x_wconf 87' lang='lat' dir='ltr'><strong>panem</strong></span> <span class='ocrx_word' id='word_1_154' title='bbox 582 2061 609 2118; x_wconf 90' lang='lat' dir='ltr'><strong>·i·</strong></span> <span class='ocrx_word' id='word_1_155' title='bbox 632 2061 762 2133; x_wconf 83' lang='lat' dir='ltr'><strong>rogabat</strong></span> <span class='ocrx_word' id='word_1_156' title='bbox 797 2061 868 2120; x_wconf 88' lang='lat' dir='ltr'><strong>Peto</strong></span> <span class='ocrx_word' id='word_1_157' title='bbox 890 2062 919 2120; x_wconf 87' lang='lat' dir='ltr'><strong>te</strong></span> <span class='ocrx_word' id='word_1_158' title='bbox 935 2060 1014 2120; x_wconf 89' lang='lat' dir='ltr'><strong>illam</strong></span> <span class='ocrx_word' id='word_1_159' title='bbox 1029 2078 1100 2133; x_wconf 87' lang='lat' dir='ltr'><strong>rom,</strong></span> <span class='ocrx_word' id='word_1_160' title='bbox 1125 2065 1156 2121; x_wconf 92' lang='lat' dir='ltr'><strong>et</strong></span> <span class='ocrx_word' id='word_1_161' title='bbox 1170 2062 1237 2134; x_wconf 90' lang='lat' dir='ltr'><strong>peto</strong></span> 
     </span>
     <span class='ocr_line' id='line_1_18' title="bbox 107 2162 1234 2239; baseline 0.001 -17"><span class='ocrx_word' id='word_1_162' title='bbox 107 2166 175 2223; x_wconf 91' lang='lat' dir='ltr'><strong>ate</strong></span> <span class='ocrx_word' id='word_1_163' title='bbox 198 2165 277 2223; x_wconf 91' lang='lat' dir='ltr'><strong>illam</strong></span> <span class='ocrx_word' id='word_1_164' title='bbox 300 2180 368 2222; x_wconf 87' lang='lat' dir='ltr'><strong>rem.</strong></span> <span class='ocrx_word' id='word_1_165' title='bbox 408 2162 562 2222; x_wconf 75' lang='lat' dir='ltr'><strong>l&#39;oribns</strong></span> <span class='ocrx_word' id='word_1_166' title='bbox 591 2163 745 2223; x_wconf 84' lang='lat' dir='ltr'><strong>clausis.</strong></span> <span class='ocrx_word' id='word_1_167' title='bbox 783 2165 869 2223; x_wconf 79' lang='lat' dir='ltr'><strong>Fores</strong></span> <span class='ocrx_word' id='word_1_168' title='bbox 892 2164 1006 2238; x_wconf 89' lang='lat' dir='ltr'><strong>proprie</strong></span> <span class='ocrx_word' id='word_1_169' title='bbox 1031 2168 1100 2223; x_wconf 90' lang='lat' dir='ltr'><strong>sont</strong></span> <span class='ocrx_word' id='word_1_170' title='bbox 1123 2168 1234 2239; x_wconf 77' lang='lat' dir='ltr'><strong>portae,</strong></span> 
     </span>
     <span class='ocr_line' id='line_1_19' title="bbox 107 2266 1234 2343; baseline 0.005 -18"><span class='ocrx_word' id='word_1_171' title='bbox 107 2283 179 2343; x_wconf 88' lang='lat' dir='ltr'><strong>qnae</strong></span> <span class='ocrx_word' id='word_1_172' title='bbox 195 2267 267 2326; x_wconf 86' lang='lat' dir='ltr'><strong>foris</strong></span> <span class='ocrx_word' id='word_1_173' title='bbox 283 2270 462 2341; x_wconf 75' lang='lat' dir='ltr'><strong>aperiuntur,</strong></span> <span class='ocrx_word' id='word_1_174' title='bbox 480 2268 582 2327; x_wconf 74' lang='lat' dir='ltr'><strong>nMoae</strong></span> <span class='ocrx_word' id='word_1_175' title='bbox 598 2283 671 2340; x_wconf 84' lang='lat' dir='ltr'><strong>quoe</strong></span> <span class='ocrx_word' id='word_1_176' title='bbox 687 2268 774 2326; x_wconf 84' lang='lat' dir='ltr'><strong>intus.</strong></span> <span class='ocrx_word' id='word_1_177' title='bbox 797 2266 940 2327; x_wconf 85' lang='lat' dir='ltr'><strong>0hnixe</strong></span> <span class='ocrx_word' id='word_1_178' title='bbox 955 2268 981 2325; x_wconf 86' lang='lat' dir='ltr'><strong>·i·</strong></span> <span class='ocrx_word' id='word_1_179' title='bbox 997 2270 1027 2326; x_wconf 89' lang='lat' dir='ltr'><strong>et</strong></span> <span class='ocrx_word' id='word_1_180' title='bbox 1041 2266 1234 2331; x_wconf 87' lang='lat' dir='ltr'><strong>confidenter:</strong></span> 
     </span>
     <span class='ocr_line' id='line_1_20' title="bbox 106 2370 1235 2444; baseline 0 -15"><span class='ocrx_word' id='word_1_181' title='bbox 106 2373 151 2430; x_wconf 89' lang='lat' dir='ltr'><strong>tot</strong></span> <span class='ocrx_word' id='word_1_182' title='bbox 174 2370 311 2429; x_wconf 84' lang='lat' dir='ltr'><strong>adnerhia</strong></span> <span class='ocrx_word' id='word_1_183' title='bbox 333 2370 426 2444; x_wconf 85' lang='lat' dir='ltr'><strong>ponit,</strong></span> <span class='ocrx_word' id='word_1_184' title='bbox 451 2372 484 2430; x_wconf 89' lang='lat' dir='ltr'><strong>ut</strong></span> <span class='ocrx_word' id='word_1_185' title='bbox 507 2370 643 2430; x_wconf 87' lang='lat' dir='ltr'><strong>ostendat</strong></span> <span class='ocrx_word' id='word_1_186' title='bbox 664 2370 834 2429; x_wconf 81' lang='lat' dir='ltr'><strong>instantiam</strong></span> <span class='ocrx_word' id='word_1_187' title='bbox 855 2371 1002 2443; x_wconf 83' lang='lat' dir='ltr'><strong>negantis.</strong></span> <span class='ocrx_word' id='word_1_188' title='bbox 1047 2370 1187 2430; x_wconf 81' lang='lat' dir='ltr'><strong>Accola</strong></span> <span class='ocrx_word' id='word_1_189' title='bbox 1207 2370 1235 2429; x_wconf 89' lang='lat' dir='ltr'><strong>·i·</strong></span> 
     </span>
     <span class='ocr_line' id='line_1_21' title="bbox 107 2472 1268 2547; baseline 0.001 -15"><span class='ocrx_word' id='word_1_190' title='bbox 107 2473 276 2546; x_wconf 84' lang='lat' dir='ltr'><strong>alienigena.</strong></span> <span class='ocrx_word' id='word_1_191' title='bbox 292 2472 399 2531; x_wconf 83' lang='lat' dir='ltr'><strong>Accola</strong></span> <span class='ocrx_word' id='word_1_192' title='bbox 415 2473 519 2532; x_wconf 89' lang='lat' dir='ltr'><strong>dicitur</strong></span> <span class='ocrx_word' id='word_1_193' title='bbox 531 2474 580 2547; x_wconf 88' lang='lat' dir='ltr'><strong>qui</strong></span> <span class='ocrx_word' id='word_1_194' title='bbox 592 2474 706 2532; x_wconf 82' lang='lat' dir='ltr'><strong>aliunde</strong></span> <span class='ocrx_word' id='word_1_195' title='bbox 722 2476 842 2533; x_wconf 88' lang='lat' dir='ltr'><strong>ueniens</strong></span> <span class='ocrx_word' id='word_1_196' title='bbox 857 2474 982 2532; x_wconf 85' lang='lat' dir='ltr'><strong>alienam</strong></span> <span class='ocrx_word' id='word_1_197' title='bbox 998 2477 1103 2531; x_wconf 88' lang='lat' dir='ltr'><strong>terram</strong></span> <span class='ocrx_word' id='word_1_198' title='bbox 1121 2473 1268 2533; x_wconf 71' lang='lat' dir='ltr'><strong>incolitis</strong></span> 
     </span>
     <span class='ocr_line' id='line_1_22' title="bbox 106 2575 1234 2638; baseline 0.004 -5"><span class='ocrx_word' id='word_1_199' title='bbox 106 2576 320 2635; x_wconf 72' lang='lat' dir='ltr'><strong>&#39;testudine</strong></span> <span class='ocrx_word' id='word_1_200' title='bbox 351 2575 475 2635; x_wconf 87' lang='lat' dir='ltr'><strong>Testudo</strong></span> <span class='ocrx_word' id='word_1_201' title='bbox 498 2576 605 2635; x_wconf 90' lang='lat' dir='ltr'><strong>dicitur</strong></span> <span class='ocrx_word' id='word_1_202' title='bbox 626 2576 719 2634; x_wconf 93' lang='lat' dir='ltr'><strong>instar</strong></span> <span class='ocrx_word' id='word_1_203' title='bbox 740 2577 827 2635; x_wconf 90' lang='lat' dir='ltr'><strong>hnius</strong></span> <span class='ocrx_word' id='word_1_204' title='bbox 850 2575 985 2635; x_wconf 86' lang='lat' dir='ltr'><strong>animalis</strong></span> <span class='ocrx_word' id='word_1_205' title='bbox 1008 2576 1088 2634; x_wconf 83' lang='lat' dir='ltr'><strong>iacta</strong></span> <span class='ocrx_word' id='word_1_206' title='bbox 1103 2576 1234 2638; x_wconf 86' lang='lat' dir='ltr'><strong>testudo.</strong></span> 
     </span>
     <span class='ocr_line' id='line_1_23' title="bbox 106 2677 1236 2753; baseline 0.003 -17"><span class='ocrx_word' id='word_1_207' title='bbox 106 2678 232 2739; x_wconf 85' lang='lat' dir='ltr'><strong>Testudo</strong></span> <span class='ocrx_word' id='word_1_208' title='bbox 256 2681 301 2739; x_wconf 89' lang='lat' dir='ltr'><strong>est</strong></span> <span class='ocrx_word' id='word_1_209' title='bbox 323 2696 438 2739; x_wconf 86' lang='lat' dir='ltr'><strong>camera</strong></span> <span class='ocrx_word' id='word_1_210' title='bbox 459 2696 549 2739; x_wconf 86' lang='lat' dir='ltr'><strong>curua</strong></span> <span class='ocrx_word' id='word_1_211' title='bbox 570 2681 680 2750; x_wconf 91' lang='lat' dir='ltr'><strong>domus,</strong></span> <span class='ocrx_word' id='word_1_212' title='bbox 703 2696 777 2752; x_wconf 87' lang='lat' dir='ltr'><strong>quae</strong></span> <span class='ocrx_word' id='word_1_213' title='bbox 792 2679 822 2737; x_wconf 84' lang='lat' dir='ltr'><strong>iu</strong></span> <span class='ocrx_word' id='word_1_214' title='bbox 838 2679 954 2753; x_wconf 90' lang='lat' dir='ltr'><strong>templis</strong></span> <span class='ocrx_word' id='word_1_215' title='bbox 969 2679 1057 2739; x_wconf 84' lang='lat' dir='ltr'><strong>tiebat</strong></span> <span class='ocrx_word' id='word_1_216' title='bbox 1074 2679 1110 2737; x_wconf 85' lang='lat' dir='ltr'><strong>ad</strong></span> <span class='ocrx_word' id='word_1_217' title='bbox 1127 2677 1236 2739; x_wconf 91' lang='lat' dir='ltr'><strong>simili·</strong></span> 
     </span>
     <span class='ocr_line' id='line_1_24' title="bbox 105 2782 1235 2855; baseline 0.001 -15"><span class='ocrx_word' id='word_1_218' title='bbox 105 2782 235 2842; x_wconf 88' lang='lat' dir='ltr'><strong>tudinem</strong></span> <span class='ocrx_word' id='word_1_219' title='bbox 259 2798 372 2844; x_wconf 88' lang='lat' dir='ltr'><strong>scenae.</strong></span> <span class='ocrx_word' id='word_1_220' title='bbox 411 2783 537 2841; x_wconf 81' lang='lat' dir='ltr'><strong>Testudo</strong></span> <span class='ocrx_word' id='word_1_221' title='bbox 566 2782 654 2840; x_wconf 90' lang='lat' dir='ltr'><strong>etiam</strong></span> <span class='ocrx_word' id='word_1_222' title='bbox 686 2782 815 2841; x_wconf 89' lang='lat' dir='ltr'><strong>densitas</strong></span> <span class='ocrx_word' id='word_1_223' title='bbox 839 2787 994 2851; x_wconf 85' lang='lat' dir='ltr'><strong>scutorum,</strong></span> <span class='ocrx_word' id='word_1_224' title='bbox 1022 2799 1080 2855; x_wconf 88' lang='lat' dir='ltr'><strong>qua</strong></span> <span class='ocrx_word' id='word_1_225' title='bbox 1109 2783 1235 2843; x_wconf 86' lang='lat' dir='ltr'><strong>militum</strong></span> 
     </span>
     <span class='ocr_line' id='line_1_25' title="bbox 106 2884 1234 2960; baseline -0.001 -16"><span class='ocrx_word' id='word_1_226' title='bbox 106 2886 203 2959; x_wconf 92' lang='lat' dir='ltr'><strong>capita</strong></span> <span class='ocrx_word' id='word_1_227' title='bbox 235 2889 462 2960; x_wconf 79' lang='lat' dir='ltr'><strong>protegebantur</strong></span> <span class='ocrx_word' id='word_1_228' title='bbox 491 2886 527 2944; x_wconf 93' lang='lat' dir='ltr'><strong>ad</strong></span> <span class='ocrx_word' id='word_1_229' title='bbox 558 2884 774 2943; x_wconf 89' lang='lat' dir='ltr'><strong>similitudinem</strong></span> <span class='ocrx_word' id='word_1_230' title='bbox 803 2884 937 2944; x_wconf 76' lang='lat' dir='ltr'><strong>animalis</strong></span> <span class='ocrx_word' id='word_1_231' title='bbox 959 2885 1128 2955; x_wconf 88' lang='lat' dir='ltr'><strong>testudinis,</strong></span> <span class='ocrx_word' id='word_1_232' title='bbox 1158 2886 1234 2959; x_wconf 90' lang='lat' dir='ltr'><strong>quod</strong></span> 
     </span>
     <span class='ocr_line' id='line_1_26' title="bbox 106 2987 1269 3061; baseline 0.001 -13"><span class='ocrx_word' id='word_1_233' title='bbox 106 2989 260 3050; x_wconf 88' lang='lat' dir='ltr'><strong>durissima</strong></span> <span class='ocrx_word' id='word_1_234' title='bbox 292 2991 368 3047; x_wconf 83' lang='lat' dir='ltr'><strong>testa</strong></span> <span class='ocrx_word' id='word_1_235' title='bbox 402 2988 538 3049; x_wconf 84' lang='lat' dir='ltr'><strong>munitor.</strong></span> <span class='ocrx_word' id='word_1_236' title='bbox 582 2987 635 3046; x_wconf 81' lang='lat' dir='ltr'><strong>Ad</strong></span> <span class='ocrx_word' id='word_1_237' title='bbox 665 2987 794 3061; x_wconf 90' lang='lat' dir='ltr'><strong>peruia</strong></span> <span class='ocrx_word' id='word_1_238' title='bbox 816 2987 843 3044; x_wconf 88' lang='lat' dir='ltr'><strong>·i·</strong></span> <span class='ocrx_word' id='word_1_239' title='bbox 866 2988 902 3045; x_wconf 88' lang='lat' dir='ltr'><strong>ad</strong></span> <span class='ocrx_word' id='word_1_240' title='bbox 932 2987 1136 3047; x_wconf 90' lang='lat' dir='ltr'><strong>rectitudinem</strong></span> <span class='ocrx_word' id='word_1_241' title='bbox 1166 2989 1269 3049; x_wconf 75' lang='lat' dir='ltr'><strong>boniet</strong></span> 
     </span>
     <span class='ocr_line' id='line_1_27' title="bbox 104 3089 1234 3165; baseline -0.001 -13"><span class='ocrx_word' id='word_1_242' title='bbox 104 3092 208 3165; x_wconf 88' lang='lat' dir='ltr'><strong>operis.</strong></span> <span class='ocrx_word' id='word_1_243' title='bbox 242 3092 362 3149; x_wconf 91' lang='lat' dir='ltr'><strong>Peroius</strong></span> <span class='ocrx_word' id='word_1_244' title='bbox 378 3094 424 3149; x_wconf 89' lang='lat' dir='ltr'><strong>ast</strong></span> <span class='ocrx_word' id='word_1_245' title='bbox 446 3090 536 3163; x_wconf 83' lang='lat' dir='ltr'><strong>locus,</strong></span> <span class='ocrx_word' id='word_1_246' title='bbox 560 3091 610 3149; x_wconf 92' lang='lat' dir='ltr'><strong>ubi</strong></span> <span class='ocrx_word' id='word_1_247' title='bbox 628 3094 675 3150; x_wconf 86' lang='lat' dir='ltr'><strong>est</strong></span> <span class='ocrx_word' id='word_1_248' title='bbox 689 3090 746 3152; x_wconf 88' lang='lat' dir='ltr'><strong>uia.</strong></span> <span class='ocrx_word' id='word_1_249' title='bbox 776 3089 915 3149; x_wconf 86' lang='lat' dir='ltr'><strong>Beatus</strong></span> <span class='ocrx_word' id='word_1_250' title='bbox 938 3090 1031 3149; x_wconf 91' lang='lat' dir='ltr'><strong>omnis</strong></span> <span class='ocrx_word' id='word_1_251' title='bbox 1046 3091 1141 3165; x_wconf 87' lang='lat' dir='ltr'><strong>culpa,</strong></span> <span class='ocrx_word' id='word_1_252' title='bbox 1158 3107 1234 3164; x_wconf 84' lang='lat' dir='ltr'><strong>quae</strong></span> 
     </span>
     <span class='ocr_line' id='line_1_28' title="bbox 104 3192 1236 3265; baseline 0.001 -13"><span class='ocrx_word' id='word_1_253' title='bbox 104 3210 182 3254; x_wconf 89' lang='lat' dir='ltr'><strong>reum</strong></span> <span class='ocrx_word' id='word_1_254' title='bbox 207 3193 286 3252; x_wconf 86' lang='lat' dir='ltr'><strong>iacit.</strong></span> <span class='ocrx_word' id='word_1_255' title='bbox 332 3192 504 3252; x_wconf 89' lang='lat' dir='ltr'><strong>Moechce</strong></span> <span class='ocrx_word' id='word_1_256' title='bbox 527 3193 553 3250; x_wconf 91' lang='lat' dir='ltr'><strong>-i·</strong></span> <span class='ocrx_word' id='word_1_257' title='bbox 570 3192 729 3254; x_wconf 85' lang='lat' dir='ltr'><strong>adulterae.</strong></span> <span class='ocrx_word' id='word_1_258' title='bbox 751 3193 889 3252; x_wconf 85' lang='lat' dir='ltr'><strong>Moechus</strong></span> <span class='ocrx_word' id='word_1_259' title='bbox 906 3193 1011 3252; x_wconf 90' lang='lat' dir='ltr'><strong>dicitur</strong></span> <span class='ocrx_word' id='word_1_260' title='bbox 1025 3194 1149 3265; x_wconf 87' lang='lat' dir='ltr'><strong>adulter,</strong></span> <span class='ocrx_word' id='word_1_261' title='bbox 1165 3194 1236 3254; x_wconf 89' lang='lat' dir='ltr'><strong>inde</strong></span> 
     </span>
     <span class='ocr_line' id='line_1_29' title="bbox 104 3295 1234 3371; baseline -0.001 -15"><span class='ocrx_word' id='word_1_262' title='bbox 104 3297 269 3356; x_wconf 87' lang='lat' dir='ltr'><strong>mechanica</strong></span> <span class='ocrx_word' id='word_1_263' title='bbox 292 3312 339 3354; x_wconf 88' lang='lat' dir='ltr'><strong>ars</strong></span> <span class='ocrx_word' id='word_1_264' title='bbox 362 3297 491 3366; x_wconf 85' lang='lat' dir='ltr'><strong>uocetur,</strong></span> <span class='ocrx_word' id='word_1_265' title='bbox 515 3312 589 3369; x_wconf 88' lang='lat' dir='ltr'><strong>quae</strong></span> <span class='ocrx_word' id='word_1_266' title='bbox 612 3298 696 3354; x_wconf 85' lang='lat' dir='ltr'><strong>tenta</strong></span> <span class='ocrx_word' id='word_1_267' title='bbox 719 3296 880 3356; x_wconf 85' lang='lat' dir='ltr'><strong>subtilitate</strong></span> <span class='ocrx_word' id='word_1_268' title='bbox 903 3295 945 3371; x_wconf 88' lang='lat' dir='ltr'><strong>fit,</strong></span> <span class='ocrx_word' id='word_1_269' title='bbox 975 3299 1007 3354; x_wconf 93' lang='lat' dir='ltr'><strong>ut</strong></span> <span class='ocrx_word' id='word_1_270' title='bbox 1029 3296 1128 3356; x_wconf 91' lang='lat' dir='ltr'><strong>oculos</strong></span> <span class='ocrx_word' id='word_1_271' title='bbox 1150 3296 1234 3356; x_wconf 89' lang='lat' dir='ltr'><strong>iutu-</strong></span> 
     </span>
     <span class='ocr_line' id='line_1_30' title="bbox 103 3399 1234 3474; baseline 0.001 -15"><span class='ocrx_word' id='word_1_272' title='bbox 103 3401 182 3459; x_wconf 89' lang='lat' dir='ltr'><strong>entis</strong></span> <span class='ocrx_word' id='word_1_273' title='bbox 205 3399 297 3459; x_wconf 87' lang='lat' dir='ltr'><strong>fallat.</strong></span> <span class='ocrx_word' id='word_1_274' title='bbox 342 3399 411 3457; x_wconf 88' lang='lat' dir='ltr'><strong>Per</strong></span> <span class='ocrx_word' id='word_1_275' title='bbox 439 3399 608 3458; x_wconf 82' lang='lat' dir='ltr'><strong>claustra</strong></span> <span class='ocrx_word' id='word_1_276' title='bbox 631 3400 658 3457; x_wconf 89' lang='lat' dir='ltr'><strong>·i·</strong></span> <span class='ocrx_word' id='word_1_277' title='bbox 681 3416 731 3474; x_wconf 92' lang='lat' dir='ltr'><strong>per</strong></span> <span class='ocrx_word' id='word_1_278' title='bbox 760 3402 843 3458; x_wconf 88' lang='lat' dir='ltr'><strong>orbes</strong></span> <span class='ocrx_word' id='word_1_279' title='bbox 866 3400 1023 3458; x_wconf 84' lang='lat' dir='ltr'><strong>oculorum.</strong></span> <span class='ocrx_word' id='word_1_280' title='bbox 1068 3400 1234 3461; x_wconf 82' lang='lat' dir='ltr'><strong>Consan-</strong></span> 
     </span>
     <span class='ocr_line' id='line_1_31' title="bbox 104 3501 1268 3576; baseline 0.004 -15"><span class='ocrx_word' id='word_1_281' title='bbox 104 3503 236 3575; x_wconf 78' lang='lat' dir='ltr'><strong>guinei</strong></span> <span class='ocrx_word' id='word_1_282' title='bbox 258 3501 347 3560; x_wconf 90' lang='lat' dir='ltr'><strong>limi.</strong></span> <span class='ocrx_word' id='word_1_283' title='bbox 386 3502 528 3560; x_wconf 82' lang='lat' dir='ltr'><strong>Affectste</strong></span> <span class='ocrx_word' id='word_1_284' title='bbox 554 3503 627 3561; x_wconf 87' lang='lat' dir='ltr'><strong>dixit</strong></span> <span class='ocrx_word' id='word_1_285' title='bbox 649 3502 865 3576; x_wconf 83' lang='lat' dir='ltr'><strong>consenquiuei,</strong></span> <span class='ocrx_word' id='word_1_286' title='bbox 896 3502 964 3575; x_wconf 86' lang='lat' dir='ltr'><strong>quia</strong></span> <span class='ocrx_word' id='word_1_287' title='bbox 986 3501 1067 3560; x_wconf 89' lang='lat' dir='ltr'><strong>horno</strong></span> <span class='ocrx_word' id='word_1_288' title='bbox 1090 3504 1122 3560; x_wconf 93' lang='lat' dir='ltr'><strong>et</strong></span> <span class='ocrx_word' id='word_1_289' title='bbox 1144 3504 1268 3567; x_wconf 83' lang='lat' dir='ltr'><strong>limnsro</strong></span> 
     </span>
     <span class='ocr_line' id='line_1_32' title="bbox 103 3604 1236 3679; baseline 0.003 -14"><span class='ocrx_word' id='word_1_290' title='bbox 103 3606 306 3679; x_wconf 78' lang='lat' dir='ltr'><strong>consanguinei</strong></span> <span class='ocrx_word' id='word_1_291' title='bbox 331 3605 386 3663; x_wconf 92' lang='lat' dir='ltr'><strong>sihi</strong></span> <span class='ocrx_word' id='word_1_292' title='bbox 410 3607 480 3663; x_wconf 90' lang='lat' dir='ltr'><strong>sunt</strong></span> <span class='ocrx_word' id='word_1_293' title='bbox 501 3605 527 3663; x_wconf 87' lang='lat' dir='ltr'><strong>·i·</strong></span> <span class='ocrx_word' id='word_1_294' title='bbox 553 3605 649 3666; x_wconf 87' lang='lat' dir='ltr'><strong>uicini.</strong></span> <span class='ocrx_word' id='word_1_295' title='bbox 683 3604 759 3663; x_wconf 85' lang='lat' dir='ltr'><strong>Nam</strong></span> <span class='ocrx_word' id='word_1_296' title='bbox 782 3606 864 3664; x_wconf 89' lang='lat' dir='ltr'><strong>homo</strong></span> <span class='ocrx_word' id='word_1_297' title='bbox 887 3622 921 3665; x_wconf 87' lang='lat' dir='ltr'><strong>ex</strong></span> <span class='ocrx_word' id='word_1_298' title='bbox 944 3604 1011 3663; x_wconf 91' lang='lat' dir='ltr'><strong>limo</strong></span> <span class='ocrx_word' id='word_1_299' title='bbox 1034 3605 1179 3667; x_wconf 83' lang='lat' dir='ltr'><strong>formatus</strong></span> <span class='ocrx_word' id='word_1_300' title='bbox 1202 3608 1236 3668; x_wconf 89' lang='lat' dir='ltr'><strong>in</strong></span> 
     </span>
     <span class='ocr_line' id='line_1_33' title="bbox 103 3700 1237 3783; baseline 0.004 -17"><span class='ocrx_word' id='word_1_301' title='bbox 103 3707 201 3766; x_wconf 89' lang='lat' dir='ltr'><strong>limum</strong></span> <span class='ocrx_word' id='word_1_302' title='bbox 217 3708 384 3769; x_wconf 79' lang='lat' dir='ltr'><strong>reuertitur.</strong></span> <span class='ocrx_word' id='word_1_303' title='bbox 415 3700 591 3783; x_wconf 84' lang='lat' dir='ltr'><strong>Mystica:</strong></span> <span class='ocrx_word' id='word_1_304' title='bbox 608 3708 746 3783; x_wconf 85' lang='lat' dir='ltr'><strong>mysticen</strong></span> <span class='ocrx_word' id='word_1_305' title='bbox 764 3709 863 3767; x_wconf 93' lang='lat' dir='ltr'><strong>dicunt</strong></span> <span class='ocrx_word' id='word_1_306' title='bbox 879 3708 980 3767; x_wconf 81' lang='lat' dir='ltr'><strong>Graeci</strong></span> <span class='ocrx_word' id='word_1_307' title='bbox 995 3710 1149 3777; x_wconf 81' lang='lat' dir='ltr'><strong>secretum,</strong></span> <span class='ocrx_word' id='word_1_308' title='bbox 1167 3710 1237 3771; x_wconf 90' lang='lat' dir='ltr'><strong>inde</strong></span> 
     </span>
     <span class='ocr_line' id='line_1_34' title="bbox 103 3810 1237 3887; baseline 0.004 -18"><span class='ocrx_word' id='word_1_309' title='bbox 103 3812 226 3886; x_wconf 84' lang='lat' dir='ltr'><strong>mystica</strong></span> <span class='ocrx_word' id='word_1_310' title='bbox 248 3812 386 3871; x_wconf 88' lang='lat' dir='ltr'><strong>miracula</strong></span> <span class='ocrx_word' id='word_1_311' title='bbox 409 3811 544 3870; x_wconf 89' lang='lat' dir='ltr'><strong>dicuntur</strong></span> <span class='ocrx_word' id='word_1_312' title='bbox 566 3811 683 3879; x_wconf 86' lang='lat' dir='ltr'><strong>Christi,</strong></span> <span class='ocrx_word' id='word_1_313' title='bbox 714 3811 783 3885; x_wconf 87' lang='lat' dir='ltr'><strong>quie</strong></span> <span class='ocrx_word' id='word_1_314' title='bbox 813 3812 882 3870; x_wconf 91' lang='lat' dir='ltr'><strong>licet</strong></span> <span class='ocrx_word' id='word_1_315' title='bbox 905 3810 1092 3885; x_wconf 86' lang='lat' dir='ltr'><strong>corporaliter</strong></span> <span class='ocrx_word' id='word_1_316' title='bbox 1115 3812 1237 3887; x_wconf 84' lang='lat' dir='ltr'><strong>flerent,</strong></span> 
     </span>
     <span class='ocr_line' id='line_1_35' title="bbox 103 3913 1237 3990; baseline 0.006 -18"><span class='ocrx_word' id='word_1_317' title='bbox 103 3913 276 3986; x_wconf 87' lang='lat' dir='ltr'><strong>spiritaliter</strong></span> <span class='ocrx_word' id='word_1_318' title='bbox 310 3915 408 3973; x_wconf 83' lang='lat' dir='ltr'><strong>temen</strong></span> <span class='ocrx_word' id='word_1_319' title='bbox 431 3914 540 3988; x_wconf 88' lang='lat' dir='ltr'><strong>aliquid</strong></span> <span class='ocrx_word' id='word_1_320' title='bbox 564 3915 723 3973; x_wconf 86' lang='lat' dir='ltr'><strong>insinuant.</strong></span> <span class='ocrx_word' id='word_1_321' title='bbox 768 3914 903 3989; x_wconf 80' lang='lat' dir='ltr'><strong>Notas,</strong></span> <span class='ocrx_word' id='word_1_322' title='bbox 938 3917 1005 3990; x_wconf 90' lang='lat' dir='ltr'><strong>quia</strong></span> <span class='ocrx_word' id='word_1_323' title='bbox 1032 3915 1064 3974; x_wconf 86' lang='lat' dir='ltr'><strong>in</strong></span> <span class='ocrx_word' id='word_1_324' title='bbox 1098 3919 1237 3981; x_wconf 87' lang='lat' dir='ltr'><strong>tenebris</strong></span> 
     </span>
     <span class='ocr_line' id='line_1_36' title="bbox 103 4015 1271 4098; baseline 0.009 -25"><span class='ocrx_word' id='word_1_325' title='bbox 103 4030 225 4076; x_wconf 90' lang='lat' dir='ltr'><strong>eramus.</strong></span> <span class='ocrx_word' id='word_1_326' title='bbox 261 4017 321 4076; x_wconf 91' lang='lat' dir='ltr'><strong>Iste</strong></span> <span class='ocrx_word' id='word_1_327' title='bbox 336 4032 439 4075; x_wconf 89' lang='lat' dir='ltr'><strong>caecus</strong></span> <span class='ocrx_word' id='word_1_328' title='bbox 461 4033 555 4090; x_wconf 81' lang='lat' dir='ltr'><strong>genus</strong></span> <span class='ocrx_word' id='word_1_329' title='bbox 577 4016 732 4075; x_wconf 92' lang='lat' dir='ltr'><strong>humanum</strong></span> <span class='ocrx_word' id='word_1_330' title='bbox 755 4015 909 4089; x_wconf 80' lang='lat' dir='ltr'><strong>significat.</strong></span> <span class='ocrx_word' id='word_1_331' title='bbox 944 4018 1000 4077; x_wconf 88' lang='lat' dir='ltr'><strong>Per</strong></span> <span class='ocrx_word' id='word_1_332' title='bbox 1015 4020 1137 4091; x_wconf 86' lang='lat' dir='ltr'><strong>sputum</strong></span> <span class='ocrx_word' id='word_1_333' title='bbox 1154 4023 1271 4098; x_wconf 80' lang='lat' dir='ltr'><strong>sapi-ae</strong></span> 
     </span>
     <span class='ocr_line' id='line_1_37' title="bbox 103 4116 1240 4199; baseline 0.007 -21"><span class='ocrx_word' id='word_1_334' title='bbox 103 4119 181 4178; x_wconf 90' lang='lat' dir='ltr'><strong>entia</strong></span> <span class='ocrx_word' id='word_1_335' title='bbox 204 4121 250 4180; x_wconf 91' lang='lat' dir='ltr'><strong>dei</strong></span> <span class='ocrx_word' id='word_1_336' title='bbox 273 4116 451 4194; x_wconf 81' lang='lat' dir='ltr'><strong>designator.</strong></span> <span class='ocrx_word' id='word_1_337' title='bbox 486 4119 613 4195; x_wconf 91' lang='lat' dir='ltr'><strong>Spiritus</strong></span> <span class='ocrx_word' id='word_1_338' title='bbox 633 4121 706 4179; x_wconf 95' lang='lat' dir='ltr'><strong>enim</strong></span> <span class='ocrx_word' id='word_1_339' title='bbox 724 4137 741 4178; x_wconf 91' lang='lat' dir='ltr'><strong>a</strong></span> <span class='ocrx_word' id='word_1_340' title='bbox 757 4123 851 4194; x_wconf 86' lang='lat' dir='ltr'><strong>capite</strong></span> <span class='ocrx_word' id='word_1_341' title='bbox 867 4121 898 4179; x_wconf 87' lang='lat' dir='ltr'><strong>in</strong></span> <span class='ocrx_word' id='word_1_342' title='bbox 914 4137 945 4179; x_wconf 89' lang='lat' dir='ltr'><strong>os</strong></span> <span class='ocrx_word' id='word_1_343' title='bbox 960 4121 1069 4199; x_wconf 88' lang='lat' dir='ltr'><strong>defluit,</strong></span> <span class='ocrx_word' id='word_1_344' title='bbox 1094 4123 1240 4188; x_wconf 90' lang='lat' dir='ltr'><strong>similiter</strong></span> 
     </span>
    </p>
   </div>
   <div class='ocr_carea' id='block_1_3' title="bbox 0 0 1392 4830">
    <p class='ocr_par' dir='ltr' id='par_1_3' title="bbox 0 0 1392 4830">
     <span class='ocr_line' id='line_1_38' title="bbox 0 0 1392 4830; baseline 0 2"><span class='ocrx_word' id='word_1_345' title='bbox 0 0 1392 4830; x_wconf 95' lang='lat' dir='ltr'><strong> </strong></span> 
     </span>
    </p>
   </div>
  </div>
 </body>
</html>
