2774 4830
399 347 550 402 Paschal.
574 350 695 417 Operis
718 349 785 404 tib.
805 350 844 407 II.

325 1048 521 1147 oleon
560 1049 909 1148 SECVNDVS.

95 1290 276 1408 Expulerat
298 1342 423 1405 serpens
446 1325 500 1390 ille
523 1326 731 1407 nequissimus
748 1327 785 1391 de
801 1326 936 1410 paradisi
953 1328 1025 1393 sede
1043 1327 1209 1412 florigeral

51 1428 299 1510 primogenitum
339 1427 453 1493 dolosis
491 1428 613 1493 artibus
651 1429 755 1493 uirum
781 1430 824 1494 et
866 1430 1031 1495 inlecebris
1076 1431 1184 1496 blandi

51 1533 171 1613 saporis
196 1531 411 1596 absconditam
435 1534 570 1596 mortem
593 1539 721 1616 gustaro
738 1532 853 1597 fecerat
870 1553 939 1599 mor
955 1552 1102 1599 amaram.
1127 1553 1184 1599 nec

52 1635 282 1719 indignationis
316 1636 439 1701 diuinae
471 1636 659 1700 sententiam
696 1637 779 1701 solus
816 1638 974 1718 praecepti
1012 1640 1180 1703 temerator

28 1741 138 1805 scitae
161 1739 276 1803 damno
299 1743 488 1822 susceperat,
511 1741 563 1803 secl
588 1738 626 1802 ab
643 1739 710 1821 ipso
727 1740 853 1804 ueniens
868 1740 1004 1806 humana
1018 1743 1182 1825 progenies

52 1844 164 1926 longae
187 1842 296 1907 mortis
320 1842 422 1907 fuerat
441 1841 612 1907 condicioni
629 1844 842 1908 succumbens.
866 1842 937 1922 heu,
960 1844 1093 1909 coniunx
1110 1862 1181 1909 cru-

52 1946 132 2010 delis
155 1950 186 2011 et
210 1947 314 2011 noxio!
348 1963 386 2009 an
420 1946 475 2010 ille
498 1946 600 2030 magis
631 1949 721 2012 draco
750 1945 885 2028 perfidus
918 1947 1094 2013 homicida?
1128 1947 1181 2012 ille

51 2052 145 2114 draco
160 2049 294 2132 perfidus
311 2049 475 2129 homicida,
492 2050 546 2113 sed
560 2052 595 2113 tu
608 2050 741 2114 coniunx
753 2068 874 2132 quoque
888 2049 1022 2114 crudelis
1039 2055 1070 2115 ct
1081 2050 1179 2114 noxia.

50 2173 108 2239 pro
142 2153 246 2219 dolor!
279 2154 338 2217 duo
374 2154 497 2217 tantum
531 2151 656 2216 fuerant
689 2152 814 2217 aeterni.
849 2160 1013 2236 postquam
1044 2171 1181 2218 crescere

13 2258 155 2338 rococpit
178 2258 273 2340 origo,
296 2261 371 2321 tuno
393 2256 487 2340 periit
510 2254 692 2337 clademque
714 2256 888 2339 parturiens
911 2274 930 2320 a
952 2256 1068 2321 semine
1084 2258 1181 2322 detri-

50 2362 158 2425 menta
180 2358 325 2441 suscepit.
350 2358 422 2441 quid
447 2359 502 2424 illa
523 2360 711 2441 tempestate
734 2378 897 2425 numerosa
926 2360 992 2425 dice
1015 2378 1051 2424 ac
1071 2360 1181 2426 multi·

51 2462 132 2544 pler,
167 2462 242 2545 quid
276 2461 420 2527 felicibus
454 2462 540 2526 uitae
572 2462 682 2544 spatiis
712 2466 883 2546 nongentos
912 2465 1058 2544 proderat
1085 2483 1181 2530 annos

50 2565 195 2630 excedere
224 2570 431 2647 nepotumque
461 2566 583 2630 decima
610 2571 787 2630 senescente
817 2566 962 2649 progenie
988 2568 1036 2630 sui
1058 2569 1180 2649 generis

50 2672 214 2734 externum
237 2671 420 2753 sanguinem
435 2668 498 2733 iam
516 2669 630 2745 uidere,
653 2686 725 2733 cum
740 2686 806 2733 sors
821 2668 977 2735 humanae
991 2670 1181 2736 condicionis

103 2972 210 3012 ruerem
237 2972 320 3011 nmen
347 2972 489 3010 oneremus
512 2972 548 3011 nn
572 2971 711 3012 carru-vna
735 2972 800 3011 crus
827 2957 866 3021 P,
897 2964 962 3027 post
984 2959 1109 3027 capituto
1136 2974 1180 3014 rs-

48 3058 125 3097 crnrr
150 3058 234 3097 unns
257 3056 400 3097 secururs
422 3042 489 3106 PR,
525 3042 557 3097 de
580 3042 733 3112 expulsione
756 3043 829 3097 Alco
852 3043 883 3097 cle
906 3042 1028 3112 paradiso
1052 3046 1083 3099 in
1105 3046 1181 3114 capr·-

48 3128 210 3197 cultellos)
315 3132 328 3183 i
353 3128 478 3197 rpulcrat
500 3129 528 3184 R
632 3128 763 3198 paradisi·
786 3138 814 3196 (a
831 3132 910 3197 erae.)
928 3130 962 3183 Η
1062 3132 1181 3186 3morte

48 3234 83 3288 Η
184 3234 289 3303 guetnri
315 3233 367 3288 Hc
470 3234 607 3287 idiuone
625 3241 705 3299 (corr.
723 3250 757 3288 m.
776 3237 806 3303 2)
825 3235 852 3288 P
954 3201 1069 3289 sentiam
1089 3238 1145 3299 (ten
1163 3252 1182 3288 u

48 3372 83 3410 m.
102 3358 133 3419 2)
152 3354 180 3409 P
275 3325 411 3423 dampnos'
424 3359 545 3435 caeperat
563 3355 591 3408 P
608 3355 651 3420 (in
667 3370 754 3424 mcrp.
773 3360 973 3423 susceperatis
992 3358 1023 3419 2)
1121 3372 1180 3409 sen·

48 3460 137 3511 tentia
154 3457 182 3513 R
284 3452 434 3526 5'dampno
453 3458 514 3519 Po,
550 3458 677 3511 damnum
695 3458 757 3513 RH
773 3459 833 3527 (aed
849 3460 885 3525 cf.
905 3477 928 3514 o.
948 3461 975 3526 5)
1072 3461 1181 3514 ueniens

48 3588 168 3633 lrumana
180 3581 288 3633 ueniens
302 3581 444 3649 progenies
463 3580 496 3633 Η
580 3580 768 3634 tconditionc
786 3582 814 3637 P
897 3554 1067 3635 auccombens
1086 3581 1114 3635 P

46 3686 62 3737 i
85 3690 150 3753 poet
169 3682 302 3737 homicida
319 3698 422 3736 rasura
439 3686 456 3737 4
473 3683 670 3737 uocabulorum
687 3684 718 3737 in
741 3684 774 3737 H
881 3683 1112 3739 Ille-homicida
1129 3701 1180 3738 om.

45 3823 61 3861 c
161 3778 285 3858 gradem
303 3809 331 3858 et
349 3805 377 3859 P
472 3806 535 3859 tlet
552 3804 655 3858 aeterni
674 3804 708 3859 Η
804 3806 837 3859 10
855 3806 936 3874 potiit
953 3812 997 3873 (m.
1015 3811 1040 3871 1,
1059 3820 1130 3861 corr.
1148 3806 1179 3871 2)

44 3929 78 3983 H
175 3927 288 3997 cladcrq3
306 3928 341 3991 P.
369 3926 516 3995 clandemqt
533 3926 568 3981 H
669 3928 698 3981 ll
719 3898 783 4012 sunt
800 3928 888 4011 coepit
905 3925 933 3980 P
951 3942 1022 3981 corr.
1041 3930 1112 3981 m.2

45 4070 80 4123 12
99 4068 146 4136 qui
166 4068 193 4121 P
294 4069 367 4121 uitae
390 4040 486 4151 apertis
504 4074 586 4131 (corr.
599 4082 633 4119 m.
648 4066 678 4128 2)
696 4064 730 4119 Η
816 4029 873 4151 u¹tte
899 4064 927 4117 P
948 4078 1016 4118 corr.
1039 4068 1112 4116 na?

44 4190 78 4245 13
106 4171 276 4273 sanescentrpo
302 4186 333 4241 H
436 4187 469 4240 14
495 4158 584 4241 etnam
611 4190 638 4253 (x
665 4203 683 4239 α
706 4190 791 4251 1112)
820 4185 846 4239 Ρ
948 4200 1053 4238 consors
1081 4184 1112 4237 H

39 4281 90 4363 sor:
106 4312 132 4369 (o
149 4326 168 4363 a
186 4324 221 4362 m.
238 4310 270 4373 2)
289 4308 317 4362 P
