2774 4830
1102 320 1176 369 XXV

41 489 227 556 ehfistiauis
249 488 403 566 ediderat,
428 507 508 572 quae
523 487 619 555 aditio
632 487 752 573 prodiit
768 487 912 555 Basileus
929 489 1022 573 1528,
1044 491 1178 573 repetita

43 609 119 659 cum
150 590 289 676 epistula
323 591 512 658 dedicatoria
543 591 583 658 sd
615 591 830 658 Reinhsrdum
862 591 1042 658 Lcriehium
1069 592 1176 659 Hada-

42 697 181 762 ruan‘um
202 695 365 779 Mnrpurgi
387 692 487 760 Nonis
508 694 599 761 Iuliis
622 695 695 761 anni
721 694 813 762 1137.
843 693 1010 779 Inscriptio
1032 699 1095 761 est:
1117 694 1177 760 lu·

45 798 141 864 mci
154 796 302 883 Hispani
323 798 523 882 euaspeiicae
543 797 696 864 historiae
718 796 795 863 titre·
810 797 903 864 IIII.
932 796 1036 864 aniii
1051 796 1178 863 Sedutii

45 899 248 966 moutam
269 901 454 968 diuinorum
474 898 539 965 siue
553 899 721 982 paschaiis
743 900 900 966 carminis
921 899 997 965 trieri
1010 899 1100 965 IIII
1108 919 1178 964 uua

46 1022 119 1070 cuns
147 1001 278 1088 mais
305 1001 439 1086 aliquot.
461 1003 611 1068 Aratoris
640 1004 677 1068 iu
701 1006 774 1069 uota
796 1002 972 1086 apostolica
1002 1002 1078 1068 lutri
1106 1002 1177 1069 duo.

56 1105 210 1173 imaue·
230 1105 372 1172 Houcrii
393 1104 568 1171 Fortunati
595 1106 707 1189 tumui
727 1104 790 1171 duo
807 1125 870 1188 per
894 1104 934 1172 G.
958 1104 1179 1173 Cassandrum

48 1209 228 1295 iatepritati
247 1228 325 1275 suae
338 1209 487 1274 restituti.
519 1206 640 1274 Oruuia
655 1229 720 1291 prr
735 1207 930 1274 dteodorum
945 1207 1180 1274 Poetmauuuru

51 1311 342 1397 Ormturpeueeru
355 1312 528 1396 recoquita.
542 1309 704 1378 Basileus.
725 1311 842 1395 Recepi
856 1316 1017 1397 praeterea
1031 1311 1178 1379 lectiones

51 1415 233 1500 praecipuas
248 1414 383 1482 Fabricii
402 1416 435 1480 et
449 1413 614 1482 Oonradi
637 1414 766 1481 Histii
788 1414 942 1498 Spirensis
956 1414 981 1498 ¹)
999 1415 1179 1494 editionum,
1193 1445 1248 1498 sps.

51 1518 127 1584 item
150 1518 321 1585 Aldinae
344 1518 432 1604 (anni
456 1517 565 1600 1501),
589 1536 625 1583 ex
647 1536 709 1601 qua
730 1517 905 1603 descriptus
927 1521 975 1584 est
995 1519 1063 1585 cod.
1085 1518 1177 1585 Vati·
1191 1549 1240 1592 ru.

53 1637 145 1687 canus
166 1622 245 1707 Bag.
267 1623 289 1689 ὅ
310 1641 335 1687 s.
358 1620 436 1687 XVI
458 1621 512 1705 (cf.
537 1624 630 1687 Areu.
653 1620 732 1704 prol.
754 1640 785 1706 p.
806 1622 864 1704 47)
879 1620 917 1705 ¹).

93 1766 215 1836 Sedulii
251 1766 442 1835 carminibus
476 1768 678 1835 emendandis
713 1769 836 1852 praeter
868 1768 1002 1834 editores
1038 1768 1181 1853 inprimis

57 1871 173 1939 studuit
193 1870 361 1939 Thomas
382 1869 650 1958 Wopkensius
672 1872 722 1951 (ei.
748 1869 887 1936 itamar
909 1871 1088 1954 Wopireueii
1110 1871 1180 1937 Ad·
1194 1898 1270 1952 uase.

58 1975 199 2041 rasam
220 1974 333 2041 ardica
353 1974 393 2039 iu
413 1972 595 2041 &acroam
617 1974 813 2042 Sallustium
828 1976 885 2041 etc.
909 1975 1038 2061 collegit
1053 1973 1182 2041 Carolus

58 2077 92 2146 11.
121 2076 291 2145 Frotscher
322 2079 408 2162 Lips.
441 2077 524 2146 1835
556 2078 619 2145 nol.
644 2077 677 2143 11
709 2098 740 2163 p.
763 2076 955 2163 eoo-352),
991 2078 1044 2162 qui
1077 2080 1184 2162 postea

61 2178 308 2248 commatiouum
330 2198 458 2247 suerum
479 2181 659 2247 aduersaria
680 2181 892 2247 emendatiora
913 2180 953 2245 ad
976 2180 1183 2247 Amtaeuium

60 2284 228 2352 transmisit
252 2281 304 2367 (ci.
330 2283 441 2350 Arntn.
463 2282 538 2351 edit
567 2283 644 2368 prot
670 2302 700 2367 p.
723 2283 789 2363 21).
832 2281 893 2363 Qui
915 2283 1026 2349 multis
1058 2283 1183 2368 quidem

60 2387 128 2457 teis
148 2388 257 2456 lucem
283 2388 407 2469 adtulit
430 2387 524 2473 plura
551 2387 691 2471 coniecit,
720 2386 775 2452 sed
803 2405 877 2453 cum
899 2386 967 2453 eius
989 2389 1184 2454 coniecturae

61 2493 153 2580 ungis
176 2490 218 2558 ad
239 2508 416 2558 sermonem
437 2488 641 2556 sedulianum
664 2489 883 2574 corrigendum
906 2508 998 2574 quam
1023 2488 1063 2556 ed
1084 2489 1183 2556 libro·

60 2598 169 2664 riorum
197 2612 316 2663 errores
342 2594 532 2680 detegendos
560 2593 747 2677 pertineant,
777 2611 830 2659 eas
857 2593 893 2659 iu
921 2593 1184 2661 commentarium

62 2702 180 2785 quum
211 2700 395 2784 recepimus,
428 2699 483 2765 sed
515 2716 535 2765 s
567 2699 655 2764 textu
689 2697 890 2765 remonimus.
927 2699 1012 2766 Item
1045 2696 1184 2764 Cornelii

62 2800 173 2870 Valerii
209 2800 379 2868 Vouckii
416 2802 607 2867 coniecturas
644 2799 697 2879 (ei.
734 2799 900 2884 Speameu
932 2799 1003 2866 crit.
1041 2799 1079 2865 iu
1113 2819 1182 2864 oar.
1197 2823 1277 2867 usses.

63 2910 194 2974 muca
217 2905 302 2975 1741
328 2925 358 2990 p.
383 2904 444 2972 177
467 2911 499 2971 et
521 2902 665 2970 muana
685 2901 742 2971 tat.
769 2905 851 2971 1745
872 2924 903 2989 p.
926 2903 980 2989 43,
1001 2903 1054 2984 59,
1079 2904 1183 2971 114-

65 3008 129 3091 111)
143 3009 335 3078 carminibus
350 3008 546 3077 recensendis
561 3007 737 3093 spreuimus
750 3027 868 3087 omnes,
884 3008 938 3092 qni
949 3006 1088 3074 Grnnero
1102 3011 1185 3074 reete

66 3111 213 3182 iudicante
242 3113 284 3180 ad
315 3112 528 3180 inuouandnm
561 3113 655 3178 nimis
686 3110 835 3196 procliuia
866 3114 899 3176 et
929 3111 968 3177 de
997 3110 1185 3197 corrigendis

69 3232 150 3298 paam
170 3216 391 3302 intellegendis
413 3216 557 3282 ueterum
579 3215 705 3298 scriptis
728 3213 830 3298 magis
851 3213 914 3280 tuit
935 3214 1099 3283 sollicitus.

104 3364 218 3433 dedulii
239 3364 362 3432 codices
383 3363 536 3448 quotquot
558 3364 613 3429 aut
645 3361 711 3447 ipse
732 3361 923 3448 inuestigaui
945 3366 1000 3428 ant
1030 3358 1183 3446 apriori·
1196 3379 1339 3432 arcuum„

76 3537 263 3551 -.——-—-

161 3644 181 3707 ¹)
199 3639 234 3695 er.
252 3654 339 3695 msam
357 3654 450 3695 comm.
467 3654 494 3709 p.
511 3639 554 3694 58.

161 3744 181 3805 ’i
200 3742 346 3798 mensum
364 3741 515 3797 editionum
533 3739 678 3795 multarum
696 3754 751 3794 uon
770 3740 889 3795 omnium
902 3740 1042 3810 proposuit
1054 3740 1186 3794 Arenalus

79 3820 95 3875 l.
110 3839 129 3879 e.
141 3842 164 3897 p
175 3828 280 3884 58-70
291 3843 354 3898 seq
371 3827 483 3892 Brnnet,
500 3827 613 3882 mauuei
629 3825 670 3881 du
687 3825 801 3881 istraire
818 3825 844 3879 V
855 3824 906 3880 258
918 3841 958 3895 sq.
978 3824 1103 3881 Omnium
1114 3827 1186 3881 anti-

80 3909 188 3976 111111
212 3918 255 3970 sat
279 3913 385 3970 Nicolai
413 3909 1186 3984 (11111101011118111111111191111,11111αὸ1111

86 3993 222 4057 Mam
251 4001 317 4057 iatri
343 4016 465 4071 quaque
493 4015 554 4055 eurr
580 3999 682 4069 tyrano
708 4003 733 4053 et
763 3997 886 4052 camiac
914 3996 1030 4067 rupiaco
1058 3995 1188 4063 eiusdem,

85 4080 154 4141 Ictus
172 4089 252 4145 Peru.
279 4087 484 4144 Veuuadautur
502 4085 692 4141 Parriuisr'ie
680 4101 712 4139 ru
734 4085 785 4139 uia
807 4081 844 4137 ad
861 4083 971 4137 Diuum
992 4081 1121 4137 Iacobum
1138 4084 1188 4138 sub

86 4164 158 4227 hose
175 4181 299 4248 mestoc
316 4180 342 4230 et
363 4175 397 4229 iu
414 4177 505 4229 moute
523 4171 595 4228 Diui
611 4170 722 4226 Hilarii
738 4169 787 4224 suet
806 4169 926 4238 speculo
956 4167 1018 4222 Siue
1041 4169 1105 4222 suni
1124 4171 1189 4223 uota

87 4247 176 4314 Pindis
191 4260 218 4315 in
235 4262 330 4331 quarto
347 4275 378 4315 ex
395 4258 503 4314 oiddna
520 4258 681 4314 ascensiana
698 4254 806 4327 prodiit.
