2774 4830
407 357 560 412 sarensi.
581 356 699 427 opere·
719 355 789 415 nse.
807 357 839 412 v.
904 330 906 334 ’
1123 359 1189 426 283

58 546 176 628 speeies
202 545 342 629 propriso
371 545 551 613 deiectionis
578 547 738 614 inditium.
775 546 856 631 quod
884 547 967 612 enim
994 546 1029 611 in
1056 546 1186 612 sublimi

60 649 188 732 fastigio
214 666 329 729 neeem
356 651 486 717 sortitus
514 653 563 715 est
590 649 727 733 perfidus
753 649 788 725 et
808 648 956 728 desertor,
979 648 1130 732 pstefeeit
1151 667 1186 714 er

59 755 178 835 quanto
208 751 343 817 enlmme
370 752 415 817 sit
447 752 624 837 prolapsus:
661 770 758 835 nuper
785 751 967 836 discipulus,
1000 755 1089 819 modo
1124 752 1185 819 iem

58 872 149 938 reus;
172 873 270 938 nuper
292 855 459 938 spostolus,
482 873 565 920 nuno
585 856 728 938 apostate
749 856 927 921 nominatus
950 856 1007 921 est.

34 1008 49 1047 ⁵
103 972 182 1040 Oum
204 993 279 1040 uero
301 975 455 1040 Dominus
485 978 559 1041 ente
582 975 721 1042 tribunal
742 975 894 1058 praesidis
930 976 1028 1040 steret
1056 974 1186 1058 intrepi·
1200 981 1236 1044 11
1347 1004 1350 1009 ·

59 1077 130 1161 dus,
152 1082 188 1143 ut
211 1095 311 1163 ugnus
334 1077 421 1142 mitis
436 1080 604 1162 produotus
620 1080 658 1144 ed
674 1078 827 1163 iugulum,
843 1077 924 1142 nihil
939 1076 1071 1160 dignum
1086 1080 1187 1143 morte

59 1181 249 1264 repperiens,
267 1181 350 1264 quod
365 1181 394 1247 ei
409 1180 541 1265 populns
555 1184 717 1248 ueeusstor
731 1179 880 1259 obiceret,
895 1199 1001 1265 regem
1013 1198 1046 1245 se
1061 1181 1186 1258 dixisse,

59 1284 115 1367 qui
143 1285 312 1350 manifesto
345 1303 400 1350 rex
431 1285 548 1362 ederet,
576 1285 680 1352 studio
712 1284 876 1350 seditionis
910 1285 1095 1350 molammt.
1132 1301 1188 1349 neo

58 1387 170 1452 mirari
204 1386 358 1472 quispiam
392 1386 485 1453 debet
518 1389 545 1453 si
578 1388 676 1470 plebs,
706 1386 986 1471 umienieliseiee,
1018 1387 1189 1453 ueritatem

21 1491 216 1575 20protrsrit
237 1491 270 1555 in
293 1490 411 1556 erimen
434 1492 661 1573 imperiumque
682 1488 838 1555 sidereum
854 1491 886 1555 et
903 1489 1047 1556 diuinum
1062 1490 1189 1555 rennuit

58 1593 262 1678 potestatem,
285 1611 364 1677 quoe
385 1592 543 1659 Creatoris
565 1594 691 1679 ingrate
712 1592 870 1677 suffragiis
886 1593 973 1659 luoos
989 1592 1065 1658 olim
1081 1593 1189 1675 eoluit,

59 1696 157 1763 idolis
180 1698 325 1764 obsecuta
346 1696 488 1763 serniuit.
525 1715 588 1763 une
609 1698 723 1780 quippe
746 1696 904 1762 dementis
924 1713 1041 1779 perque
1062 1696 1190 1762 uidetur

61 1800 182 1865 insanis
220 1800 298 1867 Beel
338 1801 552 1885 praeposuisse
593 1802 669 1866 tune
707 1799 857 1877 Domino,
895 1797 1060 1864 Bersbben
1099 1816 1190 1881 pree·

60 1904 199 1987 posuisse
228 1921 311 1969 nuno
339 1902 473 1981 Christo,
502 1903 637 1986 dumque
662 1902 732 1986 pius
754 1902 904 1969 oooiditnr
924 1899 1102 1985 impiusque
1124 1919 1189 1965 ser·

22 2040 51 2085 15
60 2008 166 2089 uetur,
199 2006 337 2073 institiae
371 2007 509 2073 mutauit
542 2007 627 2072 nium
659 2023 764 2071 errnns
792 2004 824 2069 in
856 2005 988 2086 utroque
1018 2004 1191 2069 sententie:

63 2112 173 2175 suetor
204 2110 315 2175 mortis
337 2111 502 2194 deputatus
523 2111 560 2176 ut
596 2111 726 2187 uiueret,
765 2108 885 2174 suetor-
904 2107 990 2173 uitse
1021 2106 1190 2189 deputatus

61 2214 100 2279 ut
117 2212 243 2291 obiret.
279 2231 318 2278 ex
350 2213 408 2279 boe
440 2213 538 2296 igitur
568 2212 684 2298 euneti,
713 2211 768 2293 qui
796 2210 944 2276 buoteuus
972 2208 1108 2275 monetis
1137 2210 1190 2274 in-

63 2315 129 2395 fidi,
153 2314 314 2382 Christum
329 2334 385 2399 pro
411 2317 519 2382 mundi
536 2317 639 2381 selute
653 2332 780 2398 pessum
795 2314 892 2379 fuisse
907 2313 970 2378 inm
985 2313 1113 2391 credite,
1135 2313 1189 2396 qui

63 2417 174 2503 flsgris
206 2422 297 2505 terge
328 2421 479 2500 sulestus,
518 2418 690 2503 obprobriis
724 2419 897 2493 lacessitus,
932 2435 1046 2499 poenes
1081 2434 1191 2482 omnes

22 2522 274 2605 „amplectitur
298 2542 336 2588 ne
359 2523 458 2608 perire
479 2524 542 2588 suis
564 2522 686 2587 meritis
709 2521 822 2606 dignus
844 2522 898 2586 uel
919 2520 1002 2586 lstro
1025 2520 1194 2585 sustineret

62 2624 205 2691 exitium.

107 2744 177 2811 Heu
200 2762 294 2827 quum
322 2746 414 2810 triste
442 2746 533 2811 feleis
555 2764 684 2810 eenmeu
709 2749 765 2821 est,
790 2761 868 2825 quoe
891 2759 1023 2806 messem
1046 2740 1193 2805 Iudnioee

118 3054 132 3105 1
156 3036 219 3120 peti!
240 3051 273 3104 H
287 3056 317 3117 (⁴
337 3068 356 3103 u
372 3068 406 3104 m.
425 3052 455 3115 2)
559 3051 587 3102 in
614 3066 664 3105 om.
692 3050 726 3104 H
824 3049 841 3102 2
869 3050 981 3103 sortitus
1009 3065 1042 3103 ex
1068 3047 1193 3102 sordidus

63 3154 92 3210 Β
196 3153 312 3223 profidus
335 3153 369 3207 Η
467 3154 609 3223 aquense
630 3152 656 3206 Β
760 3153 892 3207 eulminus
916 3154 944 3208 P
1044 3153 1193 3222 prorepens}

63 3273 113 3328 pro
132 3272 200 3312 eros.
219 3258 246 3311 in
271 3257 315 3322 Η,
344 3258 469 3325 lepreso
570 3255 710 3325 diseipulis
733 3257 760 3310 P
861 3256 980 3325 dunno]
999 3257 1077 3311 modo
1093 3256 1128 3311 H

63 3364 108 3416 est
130 3376 180 3414 om.
203 3378 220 3415 o
321 3362 338 3414 5
361 3375 435 3417 ouon
456 3374 532 3413 runs
551 3373 696 3413 enisurus.
712 3341 764 3413 xis
786 3372 937 3413 ruunnsrs
961 3372 1081 3412 snnrnrn
1104 3358 1131 3414 R
1152 3358 1195 3424 (in

63 3478 115 3533 sep.
133 3462 189 3518 alio
208 3462 328 3531 auditur)
350 3463 385 3518 Η
404 3462 545 3530 (auditur),
581 3462 689 3517 Christo
707 3461 833 3515 obiecisse
850 3461 953 3516 Iudaeos
970 3460 1042 3530 quod
1060 3476 1147 3529 regem
1165 3476 1195 3513 se

64 3566 270 3622 essedixerito
361 3565 522 3621 dmortiR
613 3565 768 3619 ‘iseseBo
854 3548 1124 3633 dqniefflumB

63 3651 240 3707 menifesteo
345 3653 377 3706 10
395 3654 589 3721 protraxerito
688 3652 799 3705 erimine
817 3650 896 3705 HBo
1000 3651 1033 3703 12
1050 3649 1193 3703 elementia

64 3737 99 3793 B
194 3738 227 3791 13
239 3735 320 3792 beleel
332 3736 392 3791 ΗΒ
477 3736 623 3791 bsursbben
638 3740 663 3805 (r
676 3736 802 3802 eraeffl
889 3734 1031 3803 eademque
1044 3744 1099 3800 (ruo
1112 3750 1193 3789 erasm

64 3824 101 3879 H
195 3823 378 3893 resupinare
483 3824 514 3877 16
527 3822 685 3891 deputatus]
698 3826 739 3876 est
750 3828 864 3891 utroque
876 3822 934 3876 tooo
946 3818 1011 3874 add.
1026 3820 1125 3876 Ledro.

66 3928 100 3982 Π
125 3927 174 3997 est]
199 3943 249 3982 om.
272 3924 325 3982 He
428 3924 514 3995 igitur
537 3911 584 4011 qui
608 3926 636 3980 Β
738 3928 848 3979 eotenus
867 3924 901 3978 Η
1001 3922 1078 3977 infidi
1096 3936 1131 3977 ex
1149 3922 1196 3977 ·de

64 4030 109 4095 Β,
136 4031 165 4084 iu
183 4030 269 4085 ffdeo
366 4030 400 4083 19
419 4036 483 4097 poet
501 4029 593 4099 flagris
609 4044 665 4084 ros.
682 4033 753 4084 4-5
771 4030 823 4083 titt.
841 4030 872 4082 irs
890 4028 923 4081 H
1018 4026 1106 4097 terge]
1125 4042 1194 4081 eros,

65 4119 98 4172 in
116 4116 162 4183 Η,
191 4132 277 4172 omo
378 4115 529 4185 obprobriis
547 4120 575 4185 (p
593 4133 628 4171 ex
647 4118 675 4177 b>
698 4115 726 4171 Β
828 4114 863 4169 20
885 4114 1072 4182 eompleetitur
1095 4114 1128 4167 H

64 4203 108 4259 sni
133 4203 161 4257 Β
261 4202 293 4258 21
317 4203 430 4257 erit-nm
454 4202 487 4256 Η
586 4204 620 4257 22
643 4202 675 4256 de
697 4203 831 4257 lunatione
855 4216 984 4254 manuum
1002 4198 1126 4255 Pilutio

64 4293 157 4345 meum
179 4288 207 4342 B
