2774 4830
208 314 270 381 238
701 311 835 367 Sedulii

207 523 278 588 gem
300 504 447 586 peruasit,
471 503 599 585 impulit
622 521 658 568 ae
673 502 798 566 ueeanit
812 500 847 565 in
862 503 986 565 marina
1000 498 1205 582 praeeipitem
1219 498 1338 564 fluenta

206 608 376 689 porcinum.
415 625 472 671 neo
494 605 641 670 inmerito
666 604 809 670 diabolus
831 604 1019 687 generaliter
1040 603 1158 669 dieitur
1179 603 1336 679 inimicus,

206 712 257 792 qui
289 711 409 775 eunetis
438 710 485 774 ite
513 711 556 774 sit
584 711 701 786 noxius,
732 711 769 773 ut
797 711 829 773 et
858 727 934 791 quos
957 709 1022 773 odit
1049 708 1186 789 impetat
1208 710 1243 770 et
1265 724 1337 790 quoe

205 814 291 880 amat
314 814 483 896 extinguat.

176 944 194 1003 8
247 935 330 999 Hine
358 936 509 999 Dominus
534 933 660 1015 nauigio
682 952 789 996 rursus
818 931 994 997 famulante
1022 934 1191 997 subuectus
1220 930 1359 997 natalias

205 1037 263 1101 soli
284 1036 362 1101 fines
385 1036 526 1112 intrauit,
559 1035 611 1100 ubi
634 1035 708 1117 quia
731 1037 853 1100 creator
883 1037 1023 1100 omnium
1051 1035 1136 1100 nasei
1166 1052 1200 1099 se
1224 1035 1332 1111 uoluit,

204 1141 290 1205 illius
318 1141 456 1222 regionis
485 1142 634 1222 oppidum
663 1156 751 1203 suam
782 1139 919 1220 patriam
947 1139 1152 1221 nuncupauit.
1191 1142 1271 1203 tune
1297 1136 1333 1204 ad

203 1263 275 1307 eum
303 1248 450 1325 quattuor
477 1243 537 1307 uiri
566 1244 700 1307 eeruiees
729 1241 809 1306 leeto
839 1242 991 1324 suppositi
1014 1243 1170 1324 quendem
1193 1243 1331 1307 detulere

205 1347 415 1431 languentem,
450 1346 503 1409 uix
536 1344 638 1409 adhue
669 1345 837 1426 hominem,
873 1344 937 1410 iam
972 1346 1113 1410 cadauer.
1151 1344 1243 1410 euius
1271 1344 1333 1409 uita

203 1451 291 1515 motu
322 1452 458 1531 eorporis
493 1468 603 1514 carens
638 1448 796 1514 funeream
831 1448 1036 1530 praeludebat
1068 1448 1253 1530 imaginem.
1290 1450 1359 1515 iture

202 1553 344 1618 membra
366 1553 512 1629 iacentia,
536 1553 683 1617 resolutis
707 1570 871 1618 neruorum
895 1553 1028 1617 uinculis
1049 1571 1085 1617 ae
1106 1552 1259 1629 dimissis,
1281 1570 1332 1635 per

202 1657 300 1722 fluxos
329 1659 414 1722 artus
444 1657 476 1719 et
499 1657 618 1720 saucios
645 1656 814 1738 morboque
843 1656 998 1720 marcidae
1027 1655 1110 1719 tabis
1138 1655 1260 1720 alienos
1286 1655 1331 1719 uti

202 1760 335 1844 propriis
358 1760 470 1824 officiis
493 1777 553 1823 non
573 1758 733 1824 uolebant.
759 1779 852 1841 quem
873 1763 910 1824 ut
925 1761 1079 1825 Dominus
1101 1776 1254 1840 supernae
1269 1759 1330 1822 uir·

202 1864 282 1928 tutis
315 1881 406 1945 egere
438 1864 555 1928 uirium
589 1864 790 1929 restitutione
822 1866 992 1944 conspexit,
1028 1884 1047 1928 a
1074 1863 1214 1945 peoeatis
1247 1862 1331 1943 prim

203 1967 327 2031 eurauit
352 1967 524 2043 absoluere,
548 1984 627 2048 quae
650 1966 806 2031 malorum
829 1967 969 2031 omnium
992 1972 1065 2031 sunt
1087 1968 1218 2043 radiens,
1242 1971 1278 2030 nt
1298 1966 1360 2031 iura

201 2070 361 2136 hominem
376 2074 503 2151 depulso
527 2071 666 2135 sordium
688 2070 831 2151 squalore
855 2070 1040 2135 mundatum
1064 2072 1226 2151 tamquam
1241 2087 1330 2152 prae-

201 2180 343 2255 paratam
377 2174 437 2239 sibi
469 2175 553 2238 salus
583 2174 730 2239 introiret
757 2174 790 2239 in
820 2175 958 2239 domum.
1003 2173 1081 2238 dieit
1110 2191 1184 2255 ergo
1214 2170 1331 2237 iaeenti

201 2292 276 2340 nuno
298 2278 420 2355 misero,
443 2280 497 2343 sed
520 2278 604 2342 felici
622 2278 765 2360 protinus
782 2279 941 2343 adfuturo:
965 2297 1097 2361 surge,
1122 2277 1226 2342 tolle
1247 2295 1330 2359 gra·

199 2382 334 2446 batum
369 2383 475 2446 tuum
504 2382 541 2443 et
572 2381 671 2445 nade
698 2382 738 2445 in
769 2382 919 2446 domum
949 2383 1064 2447 tuom.
1102 2399 1159 2444 nee
1189 2388 1330 2444 moratus

301 2612 333 2665 18
351 2611 431 2666 Mare
450 2612 474 2678 Β,
495 2613 526 2667 11

250 2827 316 2879 lin
338 2826 443 2879 marina
460 2842 481 2881 s.
501 2827 517 2880 l.
540 2826 580 2880 R²
684 2827 857 2895 praeeipitem
879 2843 915 2881 ea
938 2827 1091 2895 percipitsm
1116 2827 1145 2881 P
1246 2828 1330 2881 eim

197 2927 267 2965 erae.
286 2914 318 2965 ire
335 2912 378 2977 H,
406 2929 490 2966 onae
604 2916 652 2977 et,
672 2930 691 2967 s.
711 2914 727 2966 l.
747 2914 785 2967 P²
897 2914 1024 2980 impetrat
1043 2912 1070 2966 P
1179 2920 1244 2981 poet
1262 2929 1330 2982 quos

197 3014 250 3052 ras.
270 2999 356 3052 3la'tt.
375 3000 407 3051 io
426 2998 453 3051 Β
557 3000 628 3052 bns
646 3013 822 3053 aaannrnrco
840 3000 881 3064 R,
917 2997 949 3052 de
967 3000 1084 3067 paratino
1103 2998 1215 3053 dimisso
1232 3002 1330 3052 sanato

197 3086 326 3149 grabattd
339 3086 368 3147 (⁶
383 3100 415 3137 m.
429 3087 457 3151 2)
476 3084 551 3138 tollit
569 3083 606 3143 Η,
644 3083 676 3136 de
694 3084 800 3137 infirmo
819 3085 865 3152 qui
884 3087 971 3137 iussus
984 3085 1042 3149 (uel
1054 3086 1168 3151 iussum)
1181 3084 1329 3152 grabatum

195 3202 313 3256 tollito
415 3202 478 3256 hine
500 3202 528 3271 (h
552 3207 632 3270 corr.)
657 3203 685 3257 P
785 3169 972 3271 subifft'on
995 3222 1044 3276 mp.
1069 3203 1206 3269 subuent’)
1231 3205 1260 3257 P

195 3307 328 3359 naturalis
345 3305 410 3360 fines
429 3306 457 3360 P
544 3307 640 3376 Gpost
658 3308 707 3360 aeli
725 3324 780 3361 roe.
802 3310 889 3362 elisa
907 3310 940 3363 in
958 3309 986 3363 Β
1073 3308 1118 3362 ubi
1136 3308 1210 3377 quia]
1228 3306 1330 3377 ubique

195 3392 262 3460 ΗΒ,
290 3392 380 3461 ibique
390 3411 414 3456 e,
442 3392 541 3462 ubique
552 3395 597 3448 uel
609 3400 637 3448 et
649 3394 695 3447 ubi
708 3397 778 3449 cont
796 3395 870 3451 Gall.
969 3402 1031 3464 post
1044 3396 1144 3465 ubique
1155 3396 1329 3451 raasson

193 3498 246 3551 litt.
265 3498 296 3551 ι’-η
312 3496 348 3550 Η
430 3486 473 3550 om
493 3497 520 3550 P
608 3497 724 3581 nescisse
742 3497 775 3564 P,
805 3499 876 3553 nasei
894 3498 923 3553 R
1015 3499 1123 3553 'lillius
1141 3514 1162 3553 e.
1181 3499 1199 3552 l.
1217 3499 1260 3554 R*

194 3619 226 3672 12
244 3618 323 3673 flexos
341 3617 383 3682 Β,
414 3618 489 3672 fusas
507 3620 547 3685 (as
564 3633 634 3672 corr.
654 3634 689 3674 aa·
706 3624 747 3683 ua)
767 3618 800 3672 Η
900 3585 1081 3673 martidetalis
1100 3618 1128 3673 P
1228 3618 1329 3673 alienia

192 3721 226 3775 Η
327 3723 358 3774 ut
384 3722 411 3774 Β
516 3722 549 3775 13
575 3722 702 3776 uolebant
727 3722 756 3776 P
857 3738 970 3790 superne
996 3723 1025 3776 P
1134 3722 1166 3776 14
1193 3722 1328 3809 uirigu‘um

193 3842 219 3894 Ρ
317 3806 441 3911 conperit
460 3844 484 3906 (1
499 3859 517 3894 a
533 3860 568 3896 m.
588 3845 618 3910 2)
637 3843 666 3896 P
760 3843 792 3896 15
811 3842 961 3897 abssoluere
979 3842 1007 3897 P
1100 3844 1164 3913 quia
1181 3844 1227 3910 1³¹,
1256 3861 1328 3901 eon.

192 3947 222 3998 in
245 3948 403 4015 quaem.2
508 3928 567 3999 effi
592 3945 626 4009 P,
661 3930 766 4000 *emina
794 3946 822 4014 (h
847 3950 929 4015 erae.)
956 3946 992 4001 H
1092 3948 1120 4001 iu
1148 3964 1200 4001 ona
1229 3948 1260 4003 Β

192 4068 225 4120 16
243 4038 337 4137 dpulso
355 4068 382 4120 Β
481 4070 610 4135 tanquam
629 4069 671 4134 (ta
688 4084 758 4123 corr.
776 4073 857 4137 m.2)
876 4069 904 4123 Ρ
1001 4069 1034 4123 17
1051 4035 1124 4154 dicet
1141 4072 1223 4137 (corr.
1244 4088 1282 4126 ιιι.
1297 4076 1329 4139 3)

190 4171 224 4224 Η
325 4172 358 4225 18
380 4171 498 4226 affutura
522 4172 565 4235 Β,
596 4170 722 4227 affeeturo
746 4174 784 4237 Β,
815 4173 941 4228 effectura
964 4172 1019 4229 001.
1046 4174 1130 4237 aad„
1161 4173 1223 4228 furo
1249 4176 1328 4241 Per,

191 4258 282 4309 soture
300 4256 382 4310 Area.
487 4256 649 4325 grabbatum
668 4258 730 4321 ΡΒ,
761 4259 917 4327 grabattum
936 4258 1000 4315 RH
