2774 4830
199 334 225 379 11

199 519 256 567 sua
277 500 367 582 poeta
388 501 453 564 siue
469 497 640 562 Macedouii
663 515 793 562 censura
815 498 926 563 tetrica
948 498 1113 563 deterritus
1135 501 1201 565 siue
1219 503 1323 566 morto

199 607 396 687 praematura
417 601 586 682 impeditus
608 601 674 682 ipse
697 600 831 665 edidisse
862 600 993 675 uidetur,
1018 601 1170 683 siquidem
1186 602 1319 669 Carmen

198 705 391 790 indigestum
413 709 445 769 et
467 704 499 768 in
516 703 644 768 cartulis
659 703 809 783 scriptum
825 708 931 784 postea
953 703 1135 768 Tuscium
1158 706 1319 771 Rufiuru

198 807 394 874 Asterium
407 807 601 871 exconsulem
610 807 780 885 (consulem
792 807 864 870 anui
877 805 940 870 494
952 825 981 888 p.
991 805 1059 870 Chr.
1071 809 1115 886 n.)
1128 808 1319 874 ordinarium

198 915 291 994 atquo
313 911 479 993 patricium
502 909 541 973 ad
563 927 687 974 omnem
710 909 897 993 elegantiam
919 910 1075 975 ordinasse
1097 911 1187 975 etad
1209 912 1320 995 legeu-

197 1015 277 1079 tium
300 1013 469 1078 utilitatem
494 1012 668 1094 publicasse
691 1013 879 1077 testimoniis
892 1013 918 1094 ¹)
941 1014 972 1076 iu
989 1012 1144 1077 codicibus
1166 1016 1318 1079 uetustis·

197 1117 286 1182 simis
308 1117 500 1182 exstantibus
523 1114 675 1180 docemur.
709 1115 795 1180 lderu
813 1114 930 1180 Sedulii
953 1120 984 1178 et
1007 1133 1165 1180 musarum
1186 1117 1316 1196 amicus,

198 1238 268 1286 curu
292 1219 420 1284 ecclesia
435 1218 575 1283 Romana
599 1237 745 1283 canonem
768 1217 919 1283 librorum
942 1237 1099 1283 sacrorum
1114 1225 1194 1284 osset
1209 1221 1317 1285 condi-

196 1325 266 1388 tura
288 1322 404 1388 Sedulii
434 1323 560 1387 ‘ueracis
589 1323 695 1404 poetae
719 1318 812 1387 diota'
841 1324 955 1387 iterum
984 1323 1117 1387 edidisse
1140 1325 1172 1387 et
1193 1322 1318 1388 Gelasio

196 1444 294 1509 papae
316 1425 474 1489 dedicasse
495 1425 628 1506 uidetur,
652 1424 684 1487 id
706 1425 788 1506 qnod
810 1444 846 1488 er
868 1426 1091 1508 epigrammate
1114 1425 1168 1488 illo
1192 1425 1316 1490 dedica·

196 1527 316 1611 10τίοῆ
340 1527 553 1593 concludimus
566 1526 603 1609 ³).
643 1526 760 1592 Gelasii
788 1545 861 1592 uero
882 1528 1039 1593 decretum
1062 1530 1098 1593 de
1125 1527 1213 1592 libris
1236 1530 1316 1593 reoi-

197 1630 319 1715 pieudis
341 1632 392 1696 uel
413 1648 475 1695 non
499 1629 695 1713 recipiendis,
718 1630 798 1711 quod
821 1649 900 1695 anno
921 1629 986 1695 495
1007 1631 1059 1695 uel
1080 1629 1143 1694 496
1165 1631 1317 1714 prodiisse

195 1735 305 1801 harum
328 1751 433 1799 rerum
448 1733 520 1797 sciti
537 1734 736 1810 contendunt,
767 1732 886 1797 Sedulii
903 1751 1024 1797 carmon
1042 1733 1074 1796 iu
1090 1733 1171 1798 huno
1186 1734 1316 1798 modum

195 1837 345 1922 approbat
368 1840 399 1901 et
422 1834 577 1900 collaudat
602 1838 640 1917 (o.
665 1835 735 1916 34):
769 1834 851 1899 Item
879 1835 1071 1900 uenerabilis
1098 1837 1163 1899 uiri
1191 1835 1316 1902 Sedeelr'i

189 1939 344 2023 poscitote
364 1957 452 2021 epae,
475 1936 556 2019 quod
577 1936 711 2002 heroicis
725 1937 889 2019 descaipsit
905 1938 1054 2017 uerutus,
1077 1939 1198 2022 insipat
1220 1939 1317 2004 laude

190 2044 413 2127 praeferimus.
464 2040 531 2121 Qua
567 2040 681 2104 summi
719 2041 876 2124 pontilicis
912 2043 1128 2124 approbatione
1166 2044 1314 2107 carminis

194 2145 354 2211 Seduliani
382 2145 449 2209 laus
476 2146 539 2209 iam
561 2146 653 2209 autea
676 2146 861 2229 peruulgata
883 2164 996 2229 magna
1019 2147 1099 2228 cepit
1122 2146 1315 2212 incrementa

193 2249 232 2314 ab
264 2249 309 2314 eis
337 2246 510 2331 praecipuo,
540 2265 615 2331 quos
643 2249 775 2312 antehac
797 2248 917 2314 Sedulii
945 2248 1150 2314 imitationem
1174 2248 1313 2331 Vergili-

192 2371 286 2417 auam
307 2351 415 2433 utpote
437 2352 544 2431 poetae
566 2349 693 2433 gentilis
715 2351 905 2434 improbasse
921 2353 968 2416 est
990 2351 1167 2416 uerisimile.
1199 2350 1313 2416 Omnia

192 2454 303 2520 abhinc
335 2454 398 2518 fore
431 2455 553 2519 saecula
586 2453 706 2520 Sedulii
739 2457 943 2520 seruauerunt
975 2456 1165 2520 memoriam.
1205 2455 1311 2537 Atque

191 2576 254 2623 uon
276 2559 374 2623 multo
396 2562 466 2641 post
481 2557 599 2622 heterii
620 2556 788 2623 editionem
809 2557 994 2623 Liberius
1017 2561 1048 2623 et
1071 2557 1312 2623 Bellesarius

195 2660 257 2743 (uel
280 2660 381 2745 potius
405 2660 587 2726 Liberius
610 2660 856 2726 Bellesarius
879 2664 915 2724 ut
936 2661 1080 2738 arbitror)
1095 2660 1121 2744 ⁴)
1151 2660 1312 2726 Sedulium

191 2762 334 2828 uersibus
364 2762 543 2828 acrostichis
571 2780 606 2827 ac
633 2763 805 2828 telostichis
828 2764 905 2828 satis
927 2763 1048 2828 tricosis
1071 2780 1256 2828 exornauere
1280 2766 1312 2827 et

191 2865 363 2944 laudauere,
387 2886 515 2950 quorum
539 2868 677 2932 carmina
700 2866 891 2933 etiamnunc
912 2869 945 2933 in
960 2866 1116 2932 codicibus
1132 2865 1309 2932 Sedulianis

190 2970 353 3054 permultis
374 2970 521 3053 leguntur
547 2969 598 3052 (cl.
622 2969 701 3034 inira
723 2990 754 3055 p.
777 2969 864 3054 307).
903 2971 932 3036 A
959 2970 1082 3036 saeculo
1105 2971 1190 3034 serto
1210 2987 1310 3050 usque

189 3077 229 3141 ad
258 3076 413 3140 decimum
442 3077 473 3138 et
500 3075 606 3155 postea
635 3078 820 3156 quantopere
843 3072 1004 3137 Sedulium
1033 3073 1170 3137 auctores
1191 3070 1309 3135 imitati

190 3180 252 3246 sint
280 3180 331 3243 uel
358 3179 473 3260 quanta
501 3195 571 3240 curu
600 3175 692 3240 laude
716 3175 884 3241 citauerint
907 3194 942 3240 ex
964 3175 1212 3240 testimoniorum
1235 3192 1309 3238 con-

188 3282 273 3366 gerie
295 3280 378 3346 inira
401 3280 441 3361 (p.
465 3278 525 3344 361
541 3278 581 3361 s.)
605 3279 775 3359 composita
796 3278 895 3344 uideri
919 3278 1009 3343 licet:
1043 3296 1120 3361 quae
1142 3279 1163 3341 ii
1187 3277 1239 3359 quui
1262 3278 1307 3343 rei

187 3387 359 3450 litterariae
382 3381 477 3447 medii
500 3384 568 3447 aeui
591 3383 691 3466 magis
714 3383 804 3464 gnari
827 3387 900 3446 sunt
924 3381 1014 3446 facile
1036 3380 1201 3462 augebunt.
1224 3378 1306 3443 Num

188 3488 321 3571 poetam,
351 3505 441 3569 quem
467 3485 530 3549 iam
561 3482 771 3567 chilpericum
799 3503 904 3570 regem
933 3485 1091 3550 imitatum
1122 3503 1187 3549 esse
1218 3483 1307 3547 Gre-

292 3679 310 3740 ¹)
329 3674 364 3729 oi.
387 3678 525 3729 comment.
551 3689 634 3728 meam
654 3691 680 3744 p.
698 3673 730 3727 31
749 3688 804 3743 seq.
834 3673 998 3728 Testimouia
1021 3687 1051 3726 eo
1074 3672 1133 3725 loco
1157 3671 1260 3740 prolata
1278 3670 1306 3722 iu

187 3760 327 3830 permultis
345 3759 405 3814 aliis
423 3759 564 3822 codicibus,
584 3774 649 3827 quos
668 3757 739 3812 inira
755 3758 892 3823 enarrabo,
914 3758 1050 3827 leguntur.

289 3869 309 3930 ³)
327 3866 362 3918 el.
380 3864 451 3918 inira
468 3879 494 3932 p.
511 3863 569 3918 307.

289 3971 308 4035 ⁸)
327 3969 361 4023 oi.
379 3983 472 4022 comm.
491 3982 576 4020 meam
593 3982 620 4035 p.
638 3966 721 4035 34sq.

288 4074 308 4139 ⁴)
326 4072 360 4126 ci.
384 4086 479 4125 comm.
497 4086 531 4124 uu.
554 4085 580 4138 p.
598 4070 640 4124 51.
670 4069 808 4123 Praeterea
830 4068 979 4123 notandum
1003 4071 1043 4121 est
1066 4067 1095 4121 in
1118 4065 1207 4120 codice
1230 4065 1306 4119 Mou-

185 4158 351 4229 tepcssulauo
369 4157 420 4210 362
443 4173 465 4209 s.
485 4155 524 4208 111
541 4155 716 4210 Bellesarium
735 4154 837 4210 Sedulii
854 4154 1014 4222 discipulum
1033 4153 1166 4207 nominari
1184 4151 1217 4205 cl.
1236 4151 1307 4204 inira

183 4262 209 4315 p.
226 4245 285 4300 307.
