2774 4830
98 328 163 395 334
572 328 753 397 Appendix.

6 545 22 572 ιι
52 522 365 583 ucabreuuutiauimua
382 525 412 582 in
429 523 583 597 baptismo.
621 522 756 598 Aperit
778 523 805 580 ·i·
824 521 1001 595 manifestat,
1019 523 1099 582 illam
1115 524 1232 585 scilicet

98 625 180 699 iram,
209 643 293 699 quam
324 625 442 686 latebat.
482 628 561 686 Sicut
587 625 719 701 superius
741 626 815 686 dixit
840 624 947 686 'nubila
967 626 1072 686 mentis
1095 625 1230 689 habens'.

98 729 254 788 Facinus
266 730 291 788 ·i·
304 731 407 803 scelus,
423 731 499 804 quod
514 729 607 790 uoluit
623 730 728 804 lacere,
746 747 802 790 uon
817 732 912 803 potuit
925 729 1072 802 perficere.
1092 730 1231 790 Christus

96 832 172 890 enim
194 834 231 891 ad
253 834 416 908 Aegyptum
439 834 564 906 fugerat.
588 832 713 893 Facinus
735 836 786 892 ton
809 850 905 893 meson
928 834 983 906 est,
1007 833 1036 891 in
1060 833 1134 893 bono
1151 836 1228 893 enim

96 937 126 993 et
161 934 192 994 in
229 937 302 995 malo
342 938 469 1011 ponitm·.
514 937 695 996 Inmerito
733 938 760 995 ·i·
795 912 1115 996 iniuste.'''vixdum
1150 939 1260 999 sicuts

95 1038 233 1110 agedum3
266 1039 389 1099 adiectio
413 1039 554 1115 syllabica
583 1043 629 1099 est
651 1040 728 1099 dum.
773 1039 932 1112 Vagitus
955 1040 982 1096 ·i.
1005 1040 1115 1113 primas
1140 1055 1226 1101 uoces

95 1139 257 1216 tutantium,
286 1144 352 1201 inde
380 1143 561 1215 uagitioanus
590 1145 661 1203 deus
692 1143 806 1218 dicitur,
835 1143 884 1215 qui
914 1150 1028 1217 praeest
1051 1141 1224 1203 infantibus.

95 1246 325 1306 Innumeram
348 1247 452 1306 netas
476 1247 502 1306 ·i·
526 1247 675 1320 multiplex
698 1248 857 1321 peccatum.
902 1245 1044 1304 Orbata
1061 1246 1088 1303 ·i·
1105 1244 1226 1319 priuata

95 1346 163 1407 tilio.
208 1349 321 1409 Lanio
351 1349 377 1407 ·i·
407 1351 540 1412 crudelis.
573 1350 737 1424 Increpatio
759 1352 795 1408 ad
818 1349 970 1409 Herodem.
1004 1348 1094 1408 banio
1118 1350 1225 1409 dicitur

95 1453 178 1523 lupos
200 1470 217 1511 a
242 1452 318 1525 lana,
352 1455 420 1528 quia
452 1454 599 1513 interfecit
621 1472 699 1528 oues,
734 1471 802 1512 nam
836 1453 946 1512 laniare
974 1456 1020 1512 est
1050 1452 1224 1513 interficere.
1234 1480 1259 1519 ιο

94 1553 225 1614 Alieno
248 1554 286 1616 in
313 1572 463 1631 corpore
487 1558 512 1614 ·i·
536 1557 565 1615 in
588 1558 753 1631 corporibus
768 1560 944 1626 sanctorum,
961 1557 1036 1615 sicut
1051 1555 1142 1615 Paulo
1158 1557 1224 1630 ipse

94 1654 179 1719 dicit:
203 1657 298 1729 Saule,
324 1658 392 1732 quid
410 1675 454 1718 me
470 1660 672 1735 persequeris?
694 1659 760 1720 Non
777 1659 850 1719 dixit
866 1676 942 1719 meos
965 1661 1090 1729 sanctos,
1114 1660 1146 1718 in
1171 1660 1225 1719 hoc

93 1761 275 1821 manifestum
292 1766 347 1834 est,
363 1765 439 1837 quod
457 1766 527 1823 deus
539 1764 570 1824 in
582 1767 690 1824 sanctis
702 1764 877 1839 martyribus
887 1763 1007 1838 patitur.
1031 1762 1223 1822 Emeritus

93 1862 119 1921 .i·
143 1863 306 1937 perfectus;
342 1883 450 1926 merere
473 1882 525 1938 per
547 1884 561 1924 e
584 1868 699 1926 breuem
722 1866 860 1938 dicimus;
883 1865 991 1924 milites
1013 1864 1149 1923 dicuntur·
1172 1866 1223 1939 qui

92 1969 203 2040 expleto
219 1969 458 2043 quinquagesimo
473 1987 549 2028 anno
565 1970 719 2029 cessabant
731 1987 748 2027 a
762 1970 869 2028 militia
884 1973 913 2027 et
929 1968 1050 2027 dabatur
1064 1970 1108 2026 eis
1125 1970 1223 2043 aliqua
1232 1995 1255 2034 15

91 2069 229 2143 dignitas,
260 2072 324 2131 inde
356 2073 492 2132 emeritus
520 2074 626 2133 dicitur
655 2076 733 2133 totus
761 2074 918 2147 perlectus.
962 2073 1036 2133 Nec
1065 2088 1166 2131 mora
1194 2073 1221 2131 ·i·

91 2174 153 2233 sino
175 2192 263 2236 mora.
294 2176 448 2249 Postquam
464 2176 594 2235 Christus
617 2177 755 2236 duodenis
771 2179 842 2248 erat,
858 2179 991 2236 inuentus
1006 2178 1052 2233 est
1067 2177 1097 2234 in
1114 2175 1223 2250 templo

91 2278 202 2338 docens.
226 2279 257 2336 Si
279 2278 385 2352 aliquis
407 2280 485 2338 dicat
507 2280 710 2353 interrogando
733 2297 820 2354 quare
837 2280 940 2339 dixerit
960 2274 1023 2338 ‘nec
1039 2274 1138 2356 mora',
1156 2295 1220 2337 cum

91 2399 225 2456 magnum
249 2384 374 2457 spatium
396 2385 435 2443 sit
458 2386 533 2443 inter
554 2384 611 2443 XII
634 2387 662 2443 et
684 2384 761 2442 XXX
783 2401 882 2455 annos,
906 2385 1043 2456 quantum
1065 2384 1102 2440 ad
1125 2381 1220 2441 homi·

91 2502 157 2545 nem
180 2487 315 2559 pertinet,
338 2490 492 2561 respondet
513 2505 565 2561 per·
585 2488 770 2562 parenthesin
793 2488 820 2545 ·i·
843 2486 1040 2560 interpositam
1062 2485 1254 2551 dictionem„

90 2605 155 2649 cum
177 2590 412 2664 interrogatione.
450 2591 585 2651 Fluens
608 2592 634 2649 .i·
658 2608 791 2652 nascens.
828 2591 941 2649 alludit
962 2592 1056 2663 pecta.
1080 2589 1147 2647 Non
1175 2598 1219 2647 eet

89 2692 201 2763 mirum,
227 2694 329 2767 inquit,
354 2712 441 2768 super
463 2711 494 2755 se
516 2696 670 2768 prophetat
684 2693 746 2753 sine
763 2710 902 2766 sermone,
918 2694 988 2767 quic
1002 2695 1112 2766 patrem
1129 2692 1218 2751 habet

89 2799 208 2858 mutum.
254 2798 474 2871 Spiramiua.
518 2799 618 2872 Spirae
652 2798 772 2857 dicimus
809 2797 1002 2856 reuolutiones
1039 2796 1154 2855 lunium
1189 2796 1218 2853 iu

90 2901 223 2972 nauibus,
245 2900 314 2960 hinc
337 2901 496 2976 spiramina
527 2901 667 2974 quaedam
690 2901 761 2959 dicit
787 2902 885 2960 uocari
908 2899 1101 2959 reuolutiones
1123 2898 1218 2964 um,

88 3006 237 3065 mensium.
276 3005 383 3065 Verum
405 3006 473 3079 quia
495 3005 549 3063 hoc
566 3005 694 3078 exemplo
710 3006 799 3074 caret,
816 3004 916 3062 melius
932 3002 1052 3062 dicimus
1067 3002 1253 3070 taciturna2⁵

88 3108 246 3183 spiramina
286 3110 353 3169 noui
391 3108 497 3168 mensis
539 3108 706 3168 emissiones
744 3111 774 3167 et
811 3106 1049 3180 reciprocationes
1093 3104 1219 3180 spiritus

87 3212 246 3285 prophetae
263 3212 327 3272 sine
343 3229 412 3272 uoce
427 3230 517 3286 usque
533 3214 569 3270 ad
585 3213 766 3271 natiuit-atem
783 3211 931 3272 Iohannis.
969 3208 1116 3269 Tollere
1139 3226 1218 3269 cum

87 3314 181 3374 dicit
203 3315 329 3393 exponit,
352 3317 426 3390 quod
449 3316 520 3375 dicit
542 3315 660 3375 ueniens
683 3317 831 3388 peceatum
854 3314 955 3373 tollere
978 3311 1086 3373 mundi.
1125 3314 1216 3373 Mihi

87 3419 114 3477 ·i·
137 3420 278 3492 omnibus,
308 3435 339 3480 se
368 3420 443 3479 enim
470 3437 522 3493 pro
551 3419 681 3479 omnibus
703 3421 809 3493 posuit.
853 3418 1011 3477 Decutit
1034 3416 1059 3474 ·i·
1081 3417 1217 3491 expellit.

86 3523 167 3582 Non
195 3524 401 3583 obfuscata
429 3523 455 3580 ·i·
485 3540 543 3581 non
566 3523 730 3595 denigrata,
754 3538 811 3579 non
834 3520 996 3579 obscurata.
1034 3519 1115 3577 Sicut
1138 3520 1254 3583 enimse

83 3626 143 3703 lux,
159 3644 221 3687 cum
237 3628 266 3685 iu
282 3628 416 3687 tenebras
432 3626 521 3697 uenit,
538 3626 611 3685 nihil
623 3624 808 3685 obscuritatis
824 3624 939 3697 accipit,
955 3624 1005 3682 sed
1021 3622 1118 3696 potius
1134 3623 1218 3699 ipsas

84 3731 218 3791 tenebras
236 3724 395 3811 (decutit),
419 3731 461 3789 ita
474 3730 608 3789 Christus
623 3745 795 3803 quamquam
811 3743 928 3787 carnem
945 3726 1081 3800 suscepit,
1104 3726 1220 3786 nullam

85 3836 180 3895 brnen
203 3835 344 3894 maculam
366 3833 461 3893 caruis
477 3834 504 3892 ·i·
519 3832 630 3907 peccati
649 3832 679 3891 in
694 3848 725 3891 se
747 3832 841 3906 ipsum
864 3830 979 3905 accipit.
1006 3829 1176 3891 Attactu
1192 3831 1219 3890 ·i.

187 4002 202 4055 7
221 4001 253 4057 cl.
272 4003 340 4071 Aug.
360 4001 392 4055 de
409 4018 430 4058 c.
450 4001 491 4055 dei
510 4001 525 4055 I
544 4001 594 4054 155
699 4000 731 4053 12
749 3999 782 4053 ci.
802 4000 862 4053 Act.
880 4000 905 4063 9,
926 3998 957 4051 14

134 4158 233 4225 dfert.
252 4174 320 4227 quae
411 4131 539 4228 Sprlnata
557 4159 581 4224 (r
599 4156 748 4225 om.2)A
840 4156 874 4208 10
891 4152 972 4207 alana
988 4153 1016 4206 A
1107 4152 1145 4208 24
1164 4155 1222 4223 spi-

83 4246 202 4300 rasmina
220 4246 305 4312 (mina
322 4247 354 4299 in
370 4248 438 4315 roe.)
457 4246 483 4301 A
582 4244 616 4298 32
634 4242 747 4311 decutit]
767 4242 866 4297 addidi
884 4241 918 4308 cf.
938 4240 1029 4296 Germ.
1047 4255 1072 4293 o.
1091 4244 1148 4295 154

82 4368 117 4421 ae
134 4340 234 4453 accitu
252 4368 407 4436 (came)
426 4370 454 4420 A
