2774 4830
109 304 174 369 230
604 299 739 355 Sedulii

109 493 162 573 qui
190 490 337 556 trucidat.
376 490 405 555 in
431 491 488 554 boc
510 493 593 555 enim
617 509 670 571 per
694 493 786 556 bonos
810 490 929 555 fructus
952 489 1044 554 arbor
1068 494 1116 554 est
1144 490 1238 569 uitae,

109 595 141 659 in
178 594 234 659 illo
272 613 326 676 per
362 594 462 657 malos
500 594 589 658 radix
629 593 905 674 praeuaricationis
944 594 1099 675 antiquae.
1149 596 1239 657 actua

107 716 240 779 namque
277 697 397 761 fructus
435 697 577 779 intellegi
614 696 795 779 euangelica
833 697 925 761 lectio
961 696 1144 777 declarauit,
1183 694 1239 759 ubi

109 801 259 866 Dominus
281 802 384 865 uariae
412 800 606 866 diuersorum
630 802 750 865 mentes
774 801 917 882 aperiens
940 818 976 864 cr
1002 799 1067 864 suis
1083 817 1239 881 quemque

107 905 259 970 fructibus
276 905 307 968 id
323 906 370 968 est
385 923 420 968 er
436 904 578 986 operibus
595 904 686 969 iussit
702 904 829 986 agnosci
843 905 964 969 dicens:
983 922 1024 967 er
1041 901 1237 967 fructibus
1258 922 1270 963 ο

107 1026 239 1072 eorum
269 1007 516 1091 cognoscetis
540 1026 609 1072 eos.
648 1008 803 1090 siquidem
819 1010 936 1089 quanta
950 1007 1102 1072 distantia
1117 1005 1238 1071 caelum

106 1115 267 1193 separatur
295 1129 314 1175 a
343 1111 444 1187 terris,
473 1112 556 1195 ignis
585 1111 623 1175 ab
652 1110 751 1193 aquis,
782 1110 889 1175 lumen
918 1130 937 1175 a
965 1110 1112 1183 tenebris,
1137 1128 1197 1193 pax
1220 1129 1238 1174 a

107 1215 208 1293 bellis,
238 1215 306 1279 uita
337 1213 540 1280 nihilominus
562 1234 580 1278 a
602 1214 785 1297 sepulchris,
821 1219 943 1279 tantum
978 1231 1110 1296 magnae
1133 1230 1236 1277 remo·

105 1319 200 1383 tionis
229 1319 375 1383 abscessu
406 1318 529 1400 longius
561 1319 641 1383 bona
676 1318 894 1384 discernuntur
922 1337 941 1380 a
969 1317 1071 1382 malis.
1120 1317 1235 1400 duplex

106 1421 222 1487 etenim
246 1441 369 1505 semper
390 1421 500 1486 electio
517 1421 749 1489 deliberationis
766 1425 891 1487 nostrae
906 1422 1079 1486 famulatur
1093 1419 1236 1502 arbitrio,
1246 1441 1271 1480 ro

106 1544 166 1609 quo
189 1526 242 1590 uel
265 1525 408 1590 dextrum
432 1528 593 1591 teneamus
609 1526 771 1590 tramitem
788 1525 839 1590 uel
853 1525 1027 1606 sinistrum,
1051 1542 1112 1588 non
1134 1524 1237 1607 ignari

107 1628 159 1695 uel
189 1628 276 1694 dubii
299 1631 440 1695 dextram
470 1631 615 1694 semitam
639 1648 707 1693 esse
729 1629 884 1695 iustorum
907 1631 940 1694 in
963 1628 1106 1695 Abrahae
1131 1625 1236 1692 Patri·

106 1733 218 1799 archae
254 1732 326 1798 sinu
364 1733 567 1816 laetantium,
602 1734 725 1797 laeuam
759 1752 832 1798 uero
868 1733 1030 1816 profundis
1067 1730 1235 1813 impiorum

105 1836 267 1920 suppliciis
289 1838 481 1920 deputatam,
504 1836 584 1902 unde
606 1836 713 1902 nullus
735 1835 775 1900 ad
797 1837 930 1901 alterum
953 1855 1007 1918 per
1029 1844 1095 1901 tam
1118 1832 1235 1917 grande

106 1939 198 2006 chaos
228 1943 261 2007 et
289 1942 440 2024 abruptae
467 1940 559 2006 molis
583 1941 761 2005 inmensum
795 1941 900 2006 ualeat
936 1942 1127 2005 transmeare
1150 1939 1271 2019 peri-ra

105 2044 221 2109 culum.
260 2043 336 2109 haec
366 2048 414 2109 est
444 2045 544 2127 igitur
573 2044 660 2108 nobis
692 2042 822 2109 libertas
852 2043 1009 2126 optabilis,
1040 2046 1076 2107 ut
1106 2060 1180 2109 oues
1204 2045 1236 2105 et

104 2146 176 2230 agni
198 2147 313 2210 summi
329 2147 462 2229 pastoris
478 2147 505 2211 si
522 2148 673 2212 fuerimus
689 2147 776 2227 digni
793 2147 919 2223 censori,
936 2152 1039 2211 toruos
1056 2162 1235 2209 mereamur

105 2250 170 2334 lupi
192 2268 312 2314 morsus
335 2250 465 2314 euadere
484 2251 577 2332 atque
592 2250 779 2314 suauissima
796 2248 913 2314 Christi
936 2267 990 2332 per
1013 2266 1130 2332 pascua
1152 2248 1234 2333 largi

105 2353 190 2420 floris
213 2353 401 2419 amoenitate
424 2355 605 2437 gratissima
626 2352 727 2417 uitam
750 2371 875 2435 carpere
897 2354 960 2418 iam
981 2370 1131 2416 securam.

207 2612 224 2664 5
245 2612 279 2664 cf.
298 2612 396 2665 Matth.
416 2613 440 2673 Ῑ,
459 2614 490 2666 16

158 2852 171 2905 1
191 2850 270 2905 arbor
284 2854 324 2904 est
343 2853 381 2918 (st
399 2856 479 2917 corr.)
499 2851 532 2913 Ρ,
561 2850 679 2904 arborem
698 2850 782 2913 ΗΒΙ,
811 2849 917 2904 arborea
935 2865 952 2904 o
969 2852 1060 2915 (arbor
1079 2849 1164 2911 Gall.)

104 2988 121 3042 2
149 3004 195 3057 per
221 3004 271 3042 om.
298 2988 327 3042 P
427 2988 444 3042 3
471 2962 622 3075 declaratur
648 2992 676 3052 (d
700 3002 717 3038 a
737 3003 771 3039 m.
790 2988 820 3052 2)
850 2987 877 3039 P
979 2989 996 3040 4
1022 2985 1111 3041 uarios
1138 2985 1166 3039 P

104 3125 239 3193 apaeriena
257 3126 285 3179 Β
388 3092 434 3180 mis
451 3125 479 3180 Β
586 3125 670 3181 aide
693 3126 757 3180 ΡΒΙ
872 3126 990 3207 agnosici
1015 3127 1042 3179 P
1142 3125 1236 3193 bees]

104 3228 141 3283 Et
164 3227 245 3281 multi
268 3229 332 3282 annt
355 3228 430 3298 aliiq;
454 3233 616 3298 cognoscunt
640 3228 773 3299 sequidem
800 3229 828 3283 P
929 3230 945 3282 7
972 3230 1112 3299 superatur
1138 3227 1167 3281 P

104 3350 121 3404 8
139 3363 234 3418 magne
252 3348 320 3404 ΡΗι
422 3351 439 3404 9
457 3350 565 3419 longuis
583 3350 620 3405 1¹¹
725 3323 912 3404 discernantur
931 3353 958 3415 (n
976 3366 995 3402 a
1012 3365 1046 3401 m.
1060 3352 1087 3413 2)
1107 3346 1170 3403 ΡΗ

106 3454 138 3507 10
161 3452 309 3507 famulatus
331 3456 372 3506 est
396 3454 427 3507 Η
531 3456 560 3509 11
586 3454 657 3525 quod
681 3453 709 3519 (d
727 3459 799 3523 cap.)
823 3454 865 3519 Β,
894 3469 958 3521 quoa
980 3452 1007 3517 (d
1027 3454 1108 3519 eros.)
1133 3452 1166 3505 Η

104 3562 241 3612 teneamus
259 3560 397 3645 teneamus
422 3559 457 3612 H
589 3559 705 3627 ignaries
732 3557 767 3623 P,
802 3556 935 3626 ignalaeri
965 3557 992 3611 R
1120 3556 1154 3610 12
1182 3556 1237 3626 uel]

104 3696 151 3734 nec
176 3679 225 3734 Bo
336 3680 436 3733 abrahe
463 3680 490 3733 P
602 3677 754 3748 patriarche
779 3679 806 3732 P
927 3678 960 3731 13
987 3675 1074 3729 lenam
1099 3674 1167 3730 libri

106 3802 136 3856 14
154 3800 302 3855 adelberum
319 3804 344 3867 (a
361 3806 443 3867 crea)
462 3801 498 3865 Η,
525 3801 558 3855 ad
577 3802 694 3856 alterurn
712 3800 769 3856 ool.
865 3800 896 3853 15
914 3771 1008 3852 abrasae
1026 3797 1054 3852 B
1139 3798 1239 3853 moalis

104 3920 222 3987 (lorea)
246 3921 273 3973 Β
377 3920 536 3975 immensum
560 3922 588 3976 Β
692 3924 723 3975 16
747 3922 852 3976 utal.
877 3922 915 3975 P’
1018 3891 1239 3988 abluama’)

105 4022 133 4077 P
229 4023 260 4076 17
278 4025 382 4077 toronos
401 4023 429 4078 B
524 4025 556 4078 18
575 4025 625 4093 lipi
642 4025 701 4079 ΗΒ
792 4026 952 4079 suauissima
969 4024 996 4078 Β
1088 4022 1239 4078 Christi—

104 4125 262 4197 gratiasima
278 4142 329 4183 om.
347 4128 374 4182 Β
472 4128 504 4182 19
522 4129 686 4183 amoenitate
703 4129 731 4184 P
823 4128 1005 4196 gratissimam
1024 4127 1053 4182 P
1144 4144 1240 4185 carere

104 4229 132 4284 P
218 4244 347 4284 sumam
365 4246 449 4285 arnan
464 4246 507 4286 -ιι-
522 4246 671 4287 racrrrvur
689 4245 830 4286 cnrrrvaa
847 4246 925 4285 nram
943 4245 1048 4285 ranan.
1068 4234 1239 4299 (samuelus
