2774 4830
460 330 606 399 Remigii
627 331 807 399 expositio.
931 286 939 302 ο
1136 336 1199 401 323

70 523 184 581 nomine
218 521 367 581 artificiosi
402 526 551 583 uocantur.
589 522 665 582 Hinc
693 522 897 596 logodaedalos
926 524 1046 584 dicimus
1080 528 1199 587 subdole

68 626 231 700 loquentes.
275 626 516 700 habiascam,
545 626 680 685 labrusca
708 629 827 685 uocatur
860 628 985 703 agrestis
1012 628 1091 701 uitia,
1122 630 1227 689 dictav.
1253 644 1289 683 o-

67 730 145 803 qnod
166 729 198 789 in
222 728 311 788 labris
333 729 444 789 uiarum
467 729 606 789 nascitur.
645 729 722 788 Vua
745 729 848 789 dicitur
864 732 948 805 quasi
964 731 1059 803 uuida,
1075 732 1197 807 placidis

66 833 132 893 uuis
162 850 192 892 a·
223 832 408 905 euangelicae
437 831 581 892 lectionis.
626 832 810 893 Salinnca
838 833 890 893 flos
917 837 963 893 est
985 852 1068 894 rosae
1091 837 1196 898 similis

44 953 99 1004 5·s·
128 935 230 1006 fetida,
261 935 339 994 dicta
366 953 383 992 a
416 934 545 995 saliendo
569 952 600 994 eo
634 937 708 1009 quod
744 936 801 994 cito
835 937 955 1010 crescat,
989 954 1061 1011 quae
1092 957 1197 1013 graece

67 1038 229 1097 orcitunica
252 1040 386 1109 uocatur3
416 1037 575 1097 saliuncam
597 1039 689 1097 mittit
711 1055 763 1110 pro
785 1038 960 1113 gentilitate.
998 1041 1107 1114 Faue,
1131 1043 1196 1103 ione

66 1160 168 1216 graece
198 1159 268 1213 uox;
299 1142 366 1201 hinc
395 1142 493 1201 tanum
521 1142 627 1201 dicitur
656 1143 794 1215 templum
823 1161 856 1202 eo
884 1143 958 1216 quod
992 1143 1032 1202 ibi
1058 1162 1196 1217 responsa

65 1246 220 1318 dabantur,
245 1248 275 1304 et
297 1244 436 1318 profanus
458 1245 542 1319 qnasi
565 1262 647 1317 porro
676 1263 694 1304 a
723 1246 789 1304 iano
813 1246 839 1303 .i.
862 1247 946 1320 longe
968 1264 985 1304 a
1008 1248 1114 1321 templo
1137 1249 1193 1311 dei.

65 1348 240 1409 Metellis
268 1349 295 1407 i·
325 1346 496 1409 simulacris.
541 1349 658 1423 Inger
687 1351 731 1407 ost
753 1351 893 1422 quantum
914 1366 967 1421 par
990 1351 1075 1413 boum
1098 1356 1196 1424 potest

31 1469 149 1517 scarane
171 1452 202 1511 in
226 1452 280 1511 die.
316 1452 453 1527 Plagas
476 1452 504 1509 ·i·
527 1451 653 1522 climata,
674 1453 715 1510 ·V·
735 1468 822 1511 zonae
843 1453 911 1510 sunt
933 1453 1040 1523 muudi,
1063 1454 1125 1513 ·III·
1149 1456 1195 1513 iu·

65 1554 241 1615 habitabiles
263 1556 292 1612 et
320 1557 394 1615 duae
423 1554 606 1615 habitabiles.
651 1554 790 1615 Toxica
812 1558 907 1614 autem
929 1558 1014 1615 uocat
1036 1555 1195 1619 saecularia

65 1660 194 1720 carmina
217 1659 317 1719 uilium
340 1676 445 1735 aarum,
468 1674 540 1731 quae
563 1657 671 1717 ducunt
693 1657 837 1717 hominem
859 1660 888 1716 in
904 1660 1023 1719 tartara
1061 1660 1194 1719 Vireta

64 1766 93 1822 i·
116 1763 256 1833 uirentia,
282 1780 429 1822 amoenum
452 1762 558 1820 dicitur
576 1762 656 1833 quasi
673 1761 821 1820 omnnium
836 1761 862 1819 ·i·
878 1762 943 1821 sine
959 1762 1053 1821 officio
1069 1762 1096 1820 ·i·
1112 1762 1193 1823 locus

62 1869 178 1925 tantum
201 1864 343 1938 uoluptati
366 1868 460 1937 aptus.
504 1864 571 1921 Per
594 1862 734 1922 latices
756 1864 783 1920 ·i·
806 1880 857 1936 per
879 1864 1063 1937 baptismum.
1107 1865 1191 1924 Aui-

28 1971 214 2031 aamantur
236 1967 263 2025 ·i·
286 1966 478 2041 masticantur,
507 1970 561 2027 hoa
583 1970 629 2027 est
657 1967 732 2040 quod
758 1968 787 2025 iu
810 1968 960 2041 euangelio
984 1970 1104 2042 iegitur:
1136 1970 1190 2041 Qui

61 2073 128 2132 sitit
152 2071 250 2129 ueniat
273 2070 310 2129 ad
331 2087 377 2128 me
400 2072 429 2129 et
451 2070 541 2143 bibat,
566 2073 594 2129 et
617 2071 652 2129 de
673 2072 774 2130 uentre
797 2069 859 2129 eius
874 2072 964 2130 fluent
980 2088 1070 2145 aquae
1087 2073 1189 2137 uiuae:

58 2176 114 2234 boc
144 2176 239 2233 autem
268 2172 383 2233 dicebat
405 2174 440 2233 de
463 2175 579 2246 spiritu,
603 2189 686 2247 quem
709 2174 855 2245 accepturi
878 2179 963 2233 arant
986 2178 1134 2237 credentes
1158 2180 1188 2240 in

56 2296 135 2339 eum.
183 2276 228 2336 Vt
257 2276 387 2336 messis
416 2277 443 2333 ·i·
472 2275 603 2336 collectio
633 2276 688 2337 dei.
733 2277 802 2334 Per
835 2277 967 2336 horrea
989 2279 1017 2336 ·i·
1050 2281 1189 2341 caelestes

56 2383 238 2442 mansiones.
277 2381 374 2439 Marx
397 2379 500 2439 mercis
523 2380 550 2438 ·i·
572 2380 694 2450 lucrum,
711 2396 816 2439 merces
830 2382 967 2440 mercedis
982 2383 1008 2440 ·i·
1024 2385 1187 2446 retributio.

14 2487 324 2560 eoOmnipotena:
348 2484 440 2543 oratio
462 2486 573 2556 poetae.
610 2483 797 2557 Omnipotens
820 2486 1006 2557 compositum
1030 2489 1075 2545 ost
1097 2490 1133 2546 ab
1156 2505 1188 2548 eo

55 2590 185 2662 nomino,
215 2592 290 2663 quod
318 2591 363 2649 est
391 2589 488 2648 omnia
515 2590 545 2646 et
571 2591 683 2662 potens,
712 2587 896 2662 participium
918 2589 993 2661 quod
1015 2591 1129 2664 proprie
1151 2592 1188 2650 ad

53 2698 145 2755 oleum
167 2693 303 2768 pertinet.
340 2693 393 2751 Est
416 2693 511 2750 autem
527 2708 560 2749 ex
576 2691 748 2765 nominibus,
764 2708 836 2764 quae
852 2693 1063 2765 comparatione
1078 2696 1187 2763 carent,

51 2814 132 2873 quae
154 2796 188 2855 iit
209 2797 241 2855 in
264 2797 393 2869 augendo
408 2796 458 2853 aut
481 2793 510 2852 in
524 2795 689 2855 minuendo.
724 2793 910 2867 Omnipotens
933 2795 1008 2853 euim
1030 2800 1083 2867 est,
1106 2798 1188 2857 cuius

50 2900 192 2977 potentia
224 2915 276 2957 nec
309 2898 408 2972 augeri
441 2913 494 2957 uec
526 2897 617 2956 minui
649 2898 755 2970 potest,
790 2896 907 2969 ideoque
941 2912 995 2957 neo
1018 2899 1187 2969 comparari.

10 3026 38 3071 es
50 3005 168 3065 Potens
185 3004 280 3062 autem
295 3002 417 3074 simplex
432 3000 536 3060 dicitur
551 3000 636 3074 quasi
651 3004 756 3074 pateus
778 3016 810 3059 eo
826 3002 899 3073 quod
916 2997 959 3057 illi
971 3001 1065 3058 omnia
1076 3004 1185 3073 patent.

48 3110 235 3178 Actaeae,
265 3106 411 3164 aeteruum
442 3123 460 3163 a
487 3120 588 3177 graeco
617 3103 764 3162 desinatur
789 3103 864 3175 quod
886 3104 930 3161 est
951 3119 1014 3173 eon,
1036 3105 1110 3176 quod
1134 3122 1185 3178 pro

46 3211 197 3287 perpetuo
221 3207 370 3280 accipitur.
410 3209 504 3266 Deus
526 3222 627 3281 graece
645 3207 731 3266 timor
753 3206 970 3279 interpretatur,
987 3205 1067 3266 uenit
1090 3209 1184 3267 autem

45 3334 66 3375 a
94 3328 203 3386 guasco
228 3306 343 3372 theoro’
368 3310 396 3367 ·i·
412 3309 503 3369 uideo.
527 3308 659 3368 sedulius
674 3310 721 3367 bio
737 3324 841 3367 morem
857 3308 1041 3381 antiquorum
1056 3312 1185 3370 seruauit

43 3422 209 3495 poetarum
239 3418 268 3473 et
289 3415 411 3474 maxima
434 3413 561 3487 Virgilii,
584 3412 733 3486 proposuit
756 3412 841 3483 enim,
865 3413 1020 3482 inuocauit,
1045 3413 1183 3475 narrauit.

10 3552 31 3591 ο
43 3518 235 3582 Procella
248 3518 355 3577 elicitur
374 3535 407 3577 eo
423 3518 498 3591 quod
513 3515 655 3590 percellat
669 3515 797 3575 homines
808 3517 916 3576 'timore
931 3517 977 3576 uel
994 3531 1081 3575 naues
1097 3517 1181 3575 unda.

39 3624 114 3685 Sol
140 3621 248 3681 dicitur
269 3638 303 3681 eo
325 3623 400 3694 quod
415 3621 494 3680 solus
510 3623 631 3695 apparet
645 3620 676 3678 in
691 3620 755 3689 die;
771 3619 840 3678 luna
856 3618 962 3678 dicitur
978 3618 1061 3691 quasi
1077 3619 1182 3681 lucina.

37 3746 82 3791 ea
113 3728 162 3786 est
192 3729 220 3783 et
246 3725 326 3783 Iuno.
362 3725 445 3797 apud
474 3722 599 3796 gentiles
628 3721 734 3780 dicitur
761 3721 856 3781 lucina
883 3737 916 3779 eo
938 3719 1011 3794 qnod
1038 3720 1069 3779 in
1092 3721 1181 3779 lucem

33 3828 240 3895 nascentibus
261 3830 376 3901 praeest
398 3826 554 3887 secundum
576 3824 764 3884 deliramenta
786 3823 950 3898 gentilium.
984 3823 1065 3880 Luna
1086 3824 1183 3881 antem

156 4012 190 4064 15
208 4010 243 4064 ci.
262 4010 318 4065 Ich.
338 4009 362 4075 7,
380 4010 415 4063 38

101 4181 277 4251 llogodelos
294 4181 362 4236 A'B
458 4179 569 4233 subdolo
587 4179 655 4233 A¹B
751 4179 827 4232 4est
844 4192 894 4232 cue.
913 4178 939 4231 A
1038 4178 1071 4230 17
1089 4178 1178 4231 autem

29 4306 95 4349 om.
115 4288 147 4341 A
251 4284 286 4338 30
303 4285 381 4339 nauis
398 4286 424 4338 A
