2774 4830
389 349 542 407 Paschal.
560 348 679 420 Operis
703 351 773 406 Lib.
791 352 860 408 1111.
1127 356 1191 423 267

55 538 135 605 fidos
166 558 342 625 magnaque
370 540 544 624 prudentia,
574 539 627 623 qui
661 543 719 608 sub
753 541 846 607 nnius
879 542 1043 624 qualitatis
1077 544 1192 609 effectu

57 644 201 727 geminae
244 643 305 709 luit
341 643 517 709 deuotionis
555 643 709 709 officium:
752 644 830 709 fides
868 645 948 727 quod
986 648 1026 711 ab
1062 644 1120 711 hoc
1156 666 1191 713 se

56 746 247 811 mundatum
270 745 404 812 credidit
426 765 518 830 quem
541 746 675 829 rogauit,
697 748 864 830 prudentio
882 748 963 829 qnod
979 750 1191 815 sacerdotibus

56 867 89 913 so
118 849 221 915 iussus
257 850 416 914 ostendero
450 851 555 914 Iesum
584 849 697 914 maluit
730 852 867 915 adorare.
914 853 982 932 quis
1015 853 1099 917 onim
1128 853 1191 917 nisi

17 972 39 1011 ,ι
56 954 213 1017 Dominus
228 951 371 1019 Christus
386 952 523 1037 pontifex
539 954 730 1037 pontificum,
747 955 889 1019 sacerdos
906 958 954 1019 est
970 956 1191 1021 sacerdotnm?

55 1057 177 1139 gemini
207 1055 368 1121 libaminis
399 1060 506 1121 auctor
534 1061 566 1119 et
596 1056 747 1134 conditor,
778 1060 828 1122 cui
856 1058 1027 1122 secundum
1043 1058 1190 1123 ordinem

57 1159 289 1225 Melchisedech
311 1178 450 1235 munera,
482 1178 558 1242 quae
586 1178 641 1242 pro
668 1159 759 1225 nobis
789 1160 906 1225 obtulit
935 1160 1110 1239 crucifixus,
1139 1161 1189 1226 sui

58 1266 194 1349 corporis
219 1264 251 1328 et
273 1262 435 1347 sanguinis
457 1264 647 1329 offeruntur:
670 1264 813 1328 triticeae
835 1265 951 1348 segetis
973 1265 1063 1331 cibus
1084 1264 1191 1330 suauis

57 1375 88 1436 et
112 1388 260 1435 amoenae
282 1368 357 1433 uitis
379 1371 471 1451 potus
497 1368 651 1434 amabilis.

21 1508 48 1548 ιο
101 1487 180 1554 (lum
204 1505 276 1554 uero
299 1490 401 1554 Timui
424 1488 509 1552 filius
535 1488 622 1553 iurta
649 1487 734 1552 uiam
762 1488 925 1554 fraudatus
941 1487 1059 1553 lumine
1075 1488 1190 1554 reside·
1205 1494 1242 1557 11

56 1600 118 1667 rot,
142 1610 204 1675 qua
225 1592 387 1657 Christum
409 1596 597 1675 cognouerat
613 1593 816 1670 transmeare,
833 1590 1002 1674 crebroque
1016 1591 1191 1658 uociferans

56 1715 131 1761 cum
166 1696 299 1761 clamore
336 1713 391 1760 nec
429 1695 552 1777 populis
589 1695 769 1760 uolantibus
803 1694 1014 1761 conticescens
1048 1695 1191 1761 oculatae

56 1800 120 1864 sibi
148 1800 245 1866 tribui
273 1801 395 1881 copiam
424 1798 578 1865 claritatis
607 1798 708 1882 magis
740 1816 776 1863 ac
805 1799 907 1882 magis
936 1798 1117 1879 postularet,
1150 1797 1192 1863 ad

56 1901 230 1967 Dominum
253 1904 360 1967 uenire
389 1901 491 1966 iussus
520 1903 623 1966 aliena
644 1920 741 1966 mauu
764 1900 901 1983 perrexit
923 1904 955 1966 et
978 1901 1044 1965 uoti
1066 1918 1191 1982 compos

15 2028 46 2068 ιι
57 2008 181 2088 accepti
210 2006 295 2072 nullo
324 2006 424 2071 fultus
453 2006 531 2071 duce
553 2006 714 2070 remeauit.
756 2022 773 2069 o
801 2004 1005 2071 confidentiae
1024 2003 1126 2069 uirtus
1143 2004 1193 2068 in·

56 2109 195 2174 fractae!
220 2128 313 2193 quam
337 2109 489 2174 uiolenter
510 2107 662 2191 impetras
685 2110 766 2191 quod
789 2109 916 2192 optaris,
943 2111 975 2173 et
996 2106 1133 2173 adsiduis
1156 2126 1193 2173 ex

55 2211 151 2277 cordo
188 2212 333 2295 precibus
369 2213 565 2296 congregatis
600 2215 761 2293 tamquam
796 2210 937 2276 debitum
970 2212 1083 2294 erigas,
1112 2228 1192 2293 quus

56 2315 199 2399 postulas
221 2317 268 2381 sio
289 2314 435 2381 mereris!
460 2315 608 2397 quioquid
631 2314 716 2379 enim
738 2332 794 2396 pro
816 2315 971 2397 qualitate
992 2313 1115 2380 difficili
1141 2332 1192 2379 res

57 2419 167 2485 durior
198 2418 374 2503 abnegarit,
407 2419 472 2484 sola
505 2418 588 2481 uotis
621 2416 817 2499 simplicibus
851 2419 883 2483 ct
919 2417 1056 2483 honestis
1090 2416 1192 2484 oratio

114 2706 254 2777 lquisP
333 2706 444 2761 affectus
460 2706 495 2760 H
576 2707 717 2777 dgemma
733 2704 805 2761 oliuo
822 2707 851 2760 P
926 2707 1031 2777 gemine
1049 2708 1092 2761 Ηι
1111 2711 1194 2773 (corr.

56 2811 93 2849 m.
112 2796 144 2863 2)
162 2793 203 2859 Β,
233 2793 373 2861 geminas
468 2791 643 2847 deuotionoo
737 2789 808 2848 obo
904 2792 1035 2861 dquiao
1132 2793 1196 2847 bet

57 2880 94 2945 P,
125 2894 175 2934 om.
193 2878 276 2934 HBo
361 2878 498 2946 figamini
516 2877 681 2947 (geminem.
693 2881 721 2941 2)
739 2877 881 2932 libationis
899 2878 934 2932 H
1015 2880 1123 2933 cuiuso

59 2967 147 3034 tque
164 2964 206 3019 Ηι
225 2967 305 3031 (corr.
323 2981 357 3019 m.
376 2967 406 3031 2)
510 2965 564 3033 sui]
584 2980 602 3017 n
619 2982 640 3020 s.
658 2965 675 3021 1.
692 2981 727 3018 ιιι.
744 2968 763 3018 2
782 2965 816 3018 Η
914 2965 1139 3033 decusanguinis
1156 2965 1194 3031 Β,

57 3051 341 3121 consanguinitates
442 3051 609 3105 turorititiao
635 3051 669 3115 P,
698 3050 797 3104 trition
824 3050 851 3104 Β
954 3050 1126 3106 sementino

55 3156 203 3209 tlamoono
220 3153 293 3218 PB¹,
322 3138 459 3239 ammoono
476 3154 519 3208 Η*
538 3156 659 3223 (amoene
670 3170 741 3209 corr.
753 3170 788 3209 m.
800 3156 829 3221 2)
906 3156 934 3207 ot
951 3152 1076 3208 amabilis
1095 3154 1131 3209 H

58 3257 94 3313 10
114 3272 150 3311 nn
167 3271 255 3312 cmo
274 3270 365 3311 πιιιιι
382 3268 458 3311 nmo
476 3252 549 3318 RH,
585 3271 675 3310 caecus
694 3260 839 3311 curatura
939 3271 1000 3310 ucro
1019 3272 1088 3311 erun
1106 3258 1138 3310 in
1156 3256 1195 3325 Η,

56 3360 113 3399 om·
130 3360 161 3409 o;
187 3358 300 3412 cumque
317 3342 345 3397 Β
437 3342 522 3412 tymoi
533 3343 569 3407 R,
595 3342 686 3396 thimoe
698 3342 735 3409 B,
761 3341 875 3397 Thimae
892 3342 946 3397 Col.
960 3343 1030 3398 Pur.
1042 3346 1125 3398 Areo.

57 3464 176 3520 residuo
199 3466 227 3519 P
343 3464 374 3519 ll
401 3464 467 3533 quia
491 3463 555 3519 ΒΗ
574 3464 610 3531 cf.
627 3481 653 3520 o.
670 3466 723 3518 211
838 3436 995 3548 cognouerit
1012 3468 1041 3531 (a
1056 3480 1077 3519 a
1093 3481 1128 3518 m.
1145 3463 1194 3529 ul.)

57 3587 87 3641 Β
195 3586 228 3639 12
250 3558 403 3639 uitantibus
421 3585 446 3650 (e
463 3600 482 3637 a
498 3600 532 3637 m.
551 3583 598 3649 ul.)
622 3582 650 3637 Β
754 3582 929 3637 conticiscunt
951 3584 987 3637 H
1086 3582 1196 3636 oculstn

57 3694 88 3753 a
107 3692 189 3757 eras.)
207 3689 235 3744 n
339 3687 537 3743 retrusurus>
636 3688 773 3757 munere
790 3685 853 3741 aa
952 3669 1032 3740 ιιιῖι
1052 3686 1086 3752 P,
1117 3684 1196 3741 cun-

56 3780 133 3832 ctum
157 3776 238 3830 HBo
344 3776 375 3830 14
399 3775 514 3829 alienam
538 3790 592 3828 una
615 3776 643 3829 P
742 3775 815 3828 uotis
839 3773 868 3827 P
968 3788 1077 3842 cumpos
1100 3772 1128 3827 Β

58 3896 96 3952 15
114 3862 334 3967 uespertinum
353 3897 381 3951 Ρ
477 3895 578 3950 seusus
596 3895 669 3961 nn,
698 3894 814 3951 nurse
913 3893 1077 3949 consonus
1094 3893 1129 3947 nr

58 4002 94 4055 16
119 4016 186 4070 quac
208 4000 259 4055 Bo
362 3998 466 4055 obtutis
483 4000 524 4065 Β,
554 4002 658 4069 optas-s
675 3999 719 4066 Η,
750 4000 885 4068 eptatico
989 3997 1021 4051 11
1043 3997 1133 4065 exiges
1155 3996 1196 4057 H.

55 4086 147 4155 exigis
172 4102 189 4140 v
291 4086 352 4155 qlllll
380 4085 424 4150 Η,
458 4101 512 4155 qua
537 4086 623 4149 Par„
658 4100 712 4154 qua
738 4084 809 4154 quod
836 4084 893 4141 Ool.
918 4083 991 4140 aad.
1017 4083 1120 4151 (suctim
1142 4098 1195 4152 qua

54 4206 199 4280 postulans
217 4206 321 4273 Arm),
347 4206 414 4271 sort.
432 4205 503 4276 quod
609 4208 641 4262 18
657 4171 739 4261 (1111111
758 4206 792 4272 (ci
810 4222 828 4259 a
845 4206 921 4269 m.2)
941 4204 981 4269 R,
1011 4202 1121 4257 difficile
1140 4204 1197 4258 PH

55 4296 111 4351 Bo
216 4291 249 4346 19
266 4289 415 4362 abnegant
432 4292 460 4347 P
