2774 4830
526 310 677 381 Remigii
701 312 880 380 expositio.
1205 312 1269 381 355

137 509 170 565 st
198 504 345 579 colligitur
374 505 449 565 siout
479 505 592 567 messis.
637 506 869 581 Dispsussus
897 507 924 567 ·i-
952 506 1102 583 perficiens
1132 526 1162 566 ·s·
1193 526 1294 582 quaer·
1314 528 1315 532 ¹
1332 528 1341 552 ¹·

138 609 217 668 circa
240 609 418 681 sepulturam
440 610 547 670 domiui
570 613 664 671 eraut.
702 612 887 686 Angelicc
909 611 985 672 fids
1002 611 1029 670 ·i·
1046 612 1125 672 fidoli
1141 611 1267 672 narrati-

138 730 193 773 one
227 712 338 785 augeli;
373 713 437 772 ideo
470 713 500 771 iu
532 713 626 788 specio
654 714 732 788 iguis
762 715 897 788 apparuit
925 716 1055 790 augelus,
1085 718 1117 776 ut
1146 717 1268 777 torreret

137 817 286 878 custodes.
332 816 479 891 Sopitos
508 819 536 877 ·i·
568 818 754 878 dormientes.
798 817 960 878 llxuuiao
996 822 1064 878 suut
1092 819 1268 879 uestimenta

111 924 323 981 emortuorum.
369 920 523 981 Solusre
556 921 583 979 ·i·
618 920 763 996 disligore.
809 921 1024 982 contectum
1057 921 1083 980 ·i-
1119 922 1267 1001 uestitum,

137 1028 314 1098 coopertum.
358 1024 572 1083 Deusctare
595 1024 621 1083 ·i·
645 1027 772 1098 portare.
796 1024 855 1083 Fur
871 1041 1015 1098 uunquam
1039 1023 1135 1098 diligit
1151 1043 1268 1088 moram.

137 1128 336 1186 Perituros
360 1125 424 1188 ἀπὸ
439 1135 555 1189 κοινοῦ
578 1130 624 1187 est
646 1128 738 1202 figura
753 1129 814 1187 ·i·a
843 1128 996 1188 communi.
1030 1127 1110 1189 Non
1131 1132 1219 1188 tuba
1241 1129 1268 1189 ·i·

138 1230 297 1302 iesliuitas,
321 1230 353 1290 in
369 1247 425 1305 qua
447 1231 517 1290 tuba
540 1230 654 1292 canitis.
689 1230 767 1291 lion
789 1233 926 1290 unctus
950 1233 977 1289 -i-
1000 1234 1068 1290 tuus
1091 1247 1148 1293 rex.
1192 1232 1269 1292 Neo

137 1338 203 1393 tus
218 1334 385 1408 uictima,
413 1335 481 1409 quia
504 1335 532 1393 iu
567 1335 698 1394 kalendis
721 1336 749 1393 et
772 1336 803 1394 in
827 1334 982 1395 neomeniis
1004 1336 1030 1394 ·i·
1053 1337 1082 1394 iu
1105 1353 1180 1396 noua
1203 1338 1270 1396 luna

96 1438 287 1497 rolacisbaut
308 1438 390 1497 Iudel
415 1438 549 1497 uictimas
572 1440 601 1497 et
623 1438 804 1513 elemosynas
827 1442 857 1497 et
880 1450 987 1513 magna
1003 1440 1145 1500 conuiuia.
1182 1440 1269 1500 Fus-

137 1544 222 1601 cata
238 1540 265 1598 ·i·
281 1542 441 1617 denigrata.
461 1542 652 1617 synagoga
667 1540 789 1615 primum
805 1560 913 1616 sponsa
929 1543 1037 1603 Christi
1053 1544 1110 1603 luit
1125 1547 1155 1604 ot
1170 1548 1271 1617 postea

137 1644 270 1704 adoratis
292 1645 379 1705 idolis
403 1645 565 1706 adulterina
592 1646 675 1705 iacta
695 1650 740 1705 est
762 1649 792 1704 et
814 1648 846 1706 in
869 1646 931 1706 loco
955 1647 1033 1707 illius
1057 1646 1191 1707 Christus
1213 1646 1269 1707 sibi

137 1748 264 1808 sociauit
285 1749 435 1809 ecclesiam
459 1749 534 1809 sicut
558 1749 705 1824 apostolus
729 1750 813 1811 dicit:
837 1748 1030 1824 Desponsauit
1048 1748 1104 1807 sihi
1119 1750 1269 1809 ecclesiam

137 1868 195 1911 uon
229 1853 380 1911 habentem
411 1853 552 1911 maculam
581 1868 674 1925 neque
702 1869 811 1925 rugam.
849 1854 943 1911 Beata
965 1853 1047 1925 uirgo
1070 1852 1163 1911 liaris
1185 1869 1269 1925 prae·

97 1955 241 2028 rasiguat
264 1954 422 2027 ecclesiam,
449 1956 517 2029 qriia
540 1955 592 2015 illa
614 1960 696 2015 casta
717 1958 747 2014 et
768 1957 852 2029 uirgo
876 1956 932 2014 luit
948 1958 1014 2014 unte
1031 1956 1143 2028 partum
1159 1958 1269 2029 etpost

139 2064 266 2133 partum,
282 2059 324 2117 ita
346 2059 468 2119 eeclesia
492 2058 610 2118 cottidie
626 2058 797 2133 spiritaliter
812 2058 887 2118 lilios
903 2058 954 2118 deo
969 2058 1064 2133 giguit
1079 2058 1109 2116 iu
1124 2057 1269 2131 baptismo

139 2166 170 2219 et
193 2164 288 2221 tamon
313 2165 394 2221 casta
416 2165 566 2237 permanet
587 2162 653 2221 fidoi
669 2162 849 2235 integritate.
889 2161 1100 2235 Diuulgcns
1115 2162 1142 2219 ·i·
1157 2178 1269 2221 aunuu-

138 2268 233 2326 tiaus.
270 2265 333 2324 Hoc
349 2266 489 2339 poeticum
505 2269 559 2326 est.
597 2265 711 2324 ludex
728 2265 755 2322 ·i·
771 2263 925 2326 iudicatrix
941 2283 972 2324 s·
988 2265 1134 2324 redeuntis
1150 2264 1269 2325 Christi.

140 2368 259 2428 Duobus
288 2368 437 2443 discipulis
465 2369 601 2430 euntibus
630 2368 660 2427 in
695 2368 845 2428 castellum
879 2370 985 2428 llmaus
1018 2367 1154 2443 apparuit
1181 2371 1211 2427 et
1240 2369 1270 2427 in

102 2473 283 2533 refractione
300 2474 383 2546 panis
399 2490 429 2532 so
445 2473 664 2533 demonstrauit.
709 2472 848 2532 Obusti
864 2473 889 2531 ·i·
905 2471 1006 2533 assuti.
1042 2473 1118 2545 Apo
1130 2471 1271 2532 statice

141 2576 168 2635 ·i·
192 2575 351 2637 incredule.
394 2576 560 2635 Thomas.
593 2575 716 2635 Thomas
750 2575 959 2649 interpretatur
987 2577 1117 2650 abyssus.
1163 2575 1271 2651 Didy-

140 2697 228 2738 mus.
264 2679 402 2754 Didymus
424 2680 633 2754 interpretatur
656 2679 760 2740 dubius
783 2679 828 2739 uel
851 2679 1025 2752 simillimus,
1050 2679 1117 2754 quia
1132 2695 1166 2738 ex
1188 2680 1271 2752 parte

139 2782 246 2841 similis
282 2786 345 2842 erat
373 2782 498 2843 Christo.
543 2783 687 2843 Limine
710 2784 737 2842 ·l·
760 2783 855 2842 ianua.
900 2782 1079 2856 Quisquis
1101 2800 1133 2841 ·s·
1156 2798 1270 2855 magns.

140 2890 200 2946 Ars
228 2887 340 2960 magica
368 2903 480 2959 semper
510 2886 574 2946 uult
601 2886 693 2946 latero
718 2890 916 2959 utnusquam
945 2887 1140 2945 demonstrare
1163 2899 1194 2943 sa
1216 2900 1270 2943 neo

101 3006 245 3063 asmugus
268 2989 366 3064 diligit
388 3005 448 3064 eos,
471 2990 519 3063 qui
546 2991 696 3063 requirunt
720 2991 811 3049 artem
837 2989 908 3048 eius.
953 2986 1124 3049 Pendula
1147 2986 1173 3046 ·i·
1197 3003 1271 3062 pon·

140 3093 249 3153 dentis.
283 3093 434 3153 Fluctiu
445 3109 547 3165 agam
564 3091 588 3151 ·i·
605 3093 707 3167 pisces,
723 3093 772 3167 qui
788 3092 817 3151 in
832 3091 966 3151 fluctibus
982 3094 1134 3165 uagautur.
1168 3088 1270 3150 Viam

140 3196 167 3253 ·i·
192 3197 343 3269 rationum,
367 3213 423 3255 nou
444 3199 528 3256 uacat
545 3196 721 3271 emysteria.
755 3196 826 3255 Rete
840 3196 955 3270 plenum
973 3194 1037 3256 luit.
1061 3193 1179 3253 euml.
1211 3196 1271 3255 Iste

140 3317 277 3359 numerus
293 3299 441 3374 siguificat
456 3318 606 3360 numerum
619 3301 782 3359 electurum.
816 3298 906 3358 Rutu
921 3298 1162 3372 praedicationem
1175 3300 1270 3376 uocat,

140 3404 211 3479 quia
241 3406 315 3463 sicut
343 3405 399 3463 reti
422 3403 528 3477 pisces,
552 3403 594 3462 ita
622 3404 731 3463 animae
761 3404 872 3477 piorum
896 3401 1160 3475 praedicationibus
1182 3399 1270 3460 disci·

100 3506 273 3583 copulorum
295 3506 516 3580 coniunguntur.
561 3506 697 3580 Dignis
727 3524 758 3565 ·s·
782 3504 926 3568 fidelibus.
972 3503 1220 3565 concluditur
1243 3503 1270 3562 ·i·

139 3610 265 3683 eapitur.
304 3612 384 3669 Sicut
411 3610 455 3669 illi
483 3614 545 3668 rete
573 3610 713 3669 miseruut
736 3609 767 3667 in
795 3609 904 3679 dextra,
928 3607 970 3665 ita
993 3605 1125 3666 Christus
1151 3620 1217 3664 suos
1239 3604 1270 3663 in

139 3716 262 3774 dextera
292 3716 374 3789 parte
403 3712 602 3774 beatitudinis.
650 3712 761 3772 Vlnis
788 3710 814 3769 ·i·
839 3710 976 3771 brachiis.
1021 3710 1072 3768 Ad
1102 3708 1270 3781 uestigia

138 3819 168 3877 ·i·
187 3818 386 3880 imitationem.
402 3817 506 3877 Olenos
521 3834 622 3891 graece
638 3815 762 3885 cubitus,
779 3814 845 3874 indo
861 3813 928 3875 ulna
943 3811 1047 3872 dicitur
1063 3828 1130 3886 pers
1147 3810 1269 3873 bruchii.

138 3922 253 3983 Vnam
267 3938 299 3981 ·s·
314 3919 407 3982 fidem.
431 3920 609 3981 constare
625 3919 652 3977 ·i·
668 3935 842 3994 permanere.
866 3916 1050 3992 Alleguricst.
1068 3915 1179 3975 Piscem
1194 3931 1270 3987 aqua

245 4104 279 4159 13
296 4104 330 4159 cl.
348 4104 424 4159 Paul.
443 4102 477 4158 ad
495 4102 561 4173 Epis
579 4103 604 4168 b,
622 4102 655 4156 27

192 4277 366 4347 trepultura
383 4278 434 4332 dhe
451 4278 477 4331 A
582 4274 799 4328 ΗΠΟΚΕΝΤ
813 4276 841 4330 Α
943 4274 975 4329 21
995 4288 1105 4343 apyssus
1122 4271 1150 4325 A

1109 4374 1166 4431 23·
