2774 4830
463 354 617 425 Remigil
639 355 822 423 expositio.
1146 358 1209 425 319

73 547 234 609 Idoneus
257 548 284 608 ·i.
307 547 456 623 formatos,
484 547 548 609 idos
569 563 681 623 praece,
705 548 797 608 forma
818 548 920 608 latine.
957 548 1209 625 Hieronymus

72 650 112 711 ad
140 650 250 712 nobiles
278 653 308 712 st
336 651 501 727 praeclarae
530 649 656 712 feminae
684 650 711 709 ·i·
743 651 954 711 ecclesiasticas
987 651 1207 713 transmittebat

73 771 129 814 sua
153 753 272 829 scripio,
301 755 401 829 quales
429 753 548 814 inerunt
576 752 759 814 Chromatius
789 756 819 814 et
847 753 1027 829 Heliodorus,
1058 754 1149 814 Paule
1176 756 1207 815 et

74 856 273 918 Eustochium.
316 856 569 937 llomicilinm‚
598 855 773 917 domicilium
802 856 909 915 dicitnr
931 856 1068 917 solarium
1090 857 1234 932 proprieb-
1248 870 1298 917 ae

50 977 109 1021 ceo
132 960 207 1036 quod
228 960 259 1019 in
282 963 430 1035 superiore
459 964 541 1035 parte
565 959 664 1020 domne
685 960 725 1019 ait
746 960 828 1019 uelut
850 959 947 1020 cilium
968 960 1000 1019 in
1023 960 1206 1020 eminentiori

73 1066 159 1140 parto
187 1065 321 1139 corporis
364 1064 619 1140 Syncletices,
644 1079 825 1138 praenomen.
870 1063 1088 1140 Ministrae,
1111 1063 1208 1125 disco·

73 1167 181 1227 nissae.
216 1167 366 1243 Syncletos
380 1183 484 1243 gruem
500 1167 601 1229 consul
616 1167 663 1227 uel
679 1171 806 1239 senator,
823 1167 889 1226 inde
906 1165 1054 1243 syncletia
1067 1167 1206 1229 senatrix.

73 1269 230 1331 Allecto
252 1271 278 1331 ·i·
302 1273 454 1333 associata.
499 1270 614 1331 Alludit
636 1271 673 1331 ad
695 1288 807 1348 nomen,
831 1288 895 1331 cum
918 1272 989 1332 dicit
1012 1272 1124 1342 senatu,
1140 1271 1208 1347 quie

73 1389 146 1432 sena
175 1374 334 1434 uocabatur
362 1375 573 1448 inpraesenti,
608 1375 639 1434 iu
669 1373 769 1435 futuro
799 1374 932 1454 angelico
961 1375 1067 1434 senatu
1096 1372 1208 1450 pertrui

35 1479 229 1539 sumersatur.
275 1477 424 1538 Castum
447 1480 475 1539 ·i·
497 1478 678 1551 restrictum3
704 1479 813 1537 castum
831 1477 952 1537 dicimus
967 1476 1111 1551 strictum,
1128 1493 1208 1538 acon-

74 1583 124 1638 tra
154 1579 295 1639 incestum
325 1580 507 1641 dissolutum.
552 1580 744 1641 Refertnm
766 1580 792 1639 ·i·
815 1580 968 1655 repletum.
1012 1580 1147 1642 Posset
1172 1583 1210 1641 ot

74 1684 205 1742 docere
228 1683 353 1759 etiam,
378 1686 406 1744 et
429 1685 575 1759 apostolus
597 1683 732 1759 probibet
753 1683 890 1744 mulieres
913 1684 1012 1744 docere
1037 1684 1066 1744 in
1083 1683 1207 1744 ecclesia

73 1786 190 1845 dicens:
226 1785 361 1846 Mulieres
396 1787 426 1846 in
460 1786 581 1847 ecclesia
613 1789 740 1850 uocant.
791 1786 945 1847 Nomine
978 1785 1307 1861 mer·itoqne:n·uc.e

74 1887 183 1948 alludit
204 1887 239 1946 de
262 1888 389 1950 nomine.
418 1890 565 1963 Perpetua
586 1890 663 1949 enim
681 1891 742 1948 erat
757 1890 872 1950 nomine
888 1892 917 1949 et
939 1890 1078 1964 perpetua
1093 1889 1206 1951 nerito.

32 1992 267 2069 salonarum,
308 1992 500 2053 iuuenculam.
563 1994 711 2069 Nuptae
748 1994 775 2053 ·l·
812 1996 975 2068 sponsatae,
1012 1993 1081 2067 quia
1116 1995 1208 2067 nupta

73 2095 180 2156 mulier
202 2096 318 2156 ornatos
342 2096 428 2156 debet
449 2096 556 2157 babere
579 2096 707 2159 babitus.
730 2095 795 2155 Huc
817 2112 907 2171 usqne
921 2112 956 2155 ex
970 2112 1095 2171 persone
1109 2095 1230 2161 Macen.
1244 2110 1305 2159 rus

73 2198 157 2259 donii
178 2197 317 2273 loquitur,
340 2198 408 2259 binc
431 2216 464 2257 ex
488 2216 539 2258 aua
554 2215 689 2273 persona.
720 2200 921 2258 Deterreus
937 2199 965 2259 ·i·
980 2196 1080 2257 timere
1094 2197 1206 2271 lacias;

73 2302 223 2362 deterrere
251 2301 328 2361 enim
356 2304 401 2360 est
429 2300 554 2375 aliquem
581 2302 715 2363 minando
749 2302 900 2377 expellere.
944 2302 995 2360 Im
1002 2302 1128 2375 plesti
1156 2317 1207 2376 per

73 2420 231 2481 syncopam
260 2421 312 2479 pro
340 2404 510 2479 impleuisti.
553 2404 683 2465 Omnia
712 2405 882 2464 omnibns
908 2404 1031 2465 lactus
1052 2404 1208 2485 es„aicut

33 2507 239 2582 coapostolus:
254 2506 361 2567 Factus
376 2506 563 2568 sumludeeia
578 2508 725 2582 tamqnam
736 2508 869 2579 Iudaeus,
887 2507 1046 2583 gentilibus
1061 2509 1207 2583 tamquam

72 2611 207 2688 gentilis.
244 2610 348 2671 Omnia
374 2610 505 2672 omnibns
534 2610 629 2671 iactus
658 2629 722 2672 aum
750 2614 783 2671 ut
811 2628 912 2672 omnes
945 2613 1043 2672 saluos
1072 2610 1206 2673 lacerem.

72 2714 142 2775 Non
170 2715 283 2776 dicebat
310 2715 373 2784 hoc,
402 2716 436 2773 ut
464 2730 513 2775 sos
541 2714 691 2786 immiteret,
721 2714 773 2775 sed
800 2715 869 2789 quia
897 2715 1021 2787 uclobst,
1051 2717 1085 2774 ut
1106 2730 1207 2773 omnes

73 2816 151 2881 salui
174 2815 284 2877 flerent.
321 2818 475 2877 Iactura
496 2818 522 2876 ·i·
545 2816 693 2889 damnum;
718 2818 831 2877 iactura
852 2818 966 2890 propria
989 2817 1102 2887 dicitur.
1118 2833 1233 2890 quamn·
1248 2831 1308 2879 rar

74 2919 189 2980 iaciunt
211 2921 316 2979 neuim
339 2920 370 2979 in
393 2920 476 2980 mari.
500 2919 685 2994 Tempestate
708 2921 784 2979 enim
800 2922 863 2979 orta
878 2915 1005 3001 (onera)
1024 2919 1206 2994 proiciuntur

29 3026 107 3089 sain
129 3038 217 3101 mare,
240 3025 273 3084 ut
295 3023 439 3097 lanipetur
460 3025 555 3084 nauis.
587 3024 638 3083 Ne
661 3026 791 3097 pigeat
813 3025 841 3083 ·i·
862 3038 898 3082 ne
920 3023 1034 3098 pigrum
1056 3024 1086 3083 te
1105 3021 1205 3084 iaciat.

74 3126 282 3187 Anchoram
315 3128 342 3187 ·i·
375 3125 550 3187 firmitatem.
595 3127 795 3201 Metuphorem
829 3128 937 3199 seruat,
971 3126 1041 3200 qnia
1073 3125 1207 3200 superius

73 3229 152 3288 dixit
169 3228 295 3305 gurgitis
309 3229 537 3305 profunditatem
552 3227 698 3305 paschalia
714 3229 858 3309 carminis,
875 3227 957 3288 modo
973 3228 1044 3290 dicit
1061 3224 1205 3289 ‘anchora'

72 3348 127 3407 pro
151 3332 330 3393 tortitudine.
361 3330 486 3395 (ΚΥΡΑ
501 3350 604 3407 graece
619 3349 733 3407 manus,
757 3333 823 3392 inde
840 3332 966 3393 anchora
980 3348 1083 3392 manus
1098 3332 1205 3405 ferrea,

71 3451 151 3511 quas
185 3435 317 3496 mordens
350 3438 457 3495 terrum
486 3436 557 3495 lucit
590 3438 669 3496 atara
703 3436 802 3496 nanim
835 3436 1012 3496 inmobilem.
1059 3435 1207 3494 Pascha

26 3540 252 3606 mnostrum.
277 3539 391 3599 Pascha
405 3538 577 3599 Indaeorum
593 3542 666 3619 erat,
688 3538 764 3613 qnod
777 3538 813 3597 ad
829 3555 978 3613 uesperum
994 3538 1205 3598 immolabatur.

72 3642 190 3700 Pascha
211 3644 341 3701 nostrum
364 3644 410 3701 est
425 3640 568 3713 Christus,
591 3640 642 3715 qui
657 3639 861 3701 immolabatur
875 3658 926 3715 pro
942 3640 1068 3715 puocatis
1085 3641 1203 3711 nostris,

181 3858 213 3913 13
231 3857 244 3912 Ι
264 3858 321 3912 Cur.
343 3859 383 3921 14,
401 3857 436 3911 34
537 3856 572 3910 20
589 3858 624 3911 ei.
642 3857 656 3911 1
674 3858 732 3911 Cor.
750 3857 775 3921 9,
793 3856 835 3910 20.
853 3856 888 3909 ut

129 4061 263 4132 unusne]
282 4061 308 4116 r·
327 4062 383 4116 Aa
484 4061 652 4131 sumptura
670 4062 726 4115 un
828 4060 961 4115 errorores
978 4061 1034 4115 Aa
1136 4032 1204 4116 uir·

69 4183 102 4239 B
198 4148 382 4271 6eincletioc¹se
398 4183 426 4237 B
516 4170 601 4252 pnom
617 4184 639 4249 (i
656 4164 719 4236 cm.
732 4185 761 4245 2)
780 4183 820 4245 Δ,
849 4167 931 4251 prom
950 4182 977 4236 Β
1072 4182 1107 4237 ‘24
1125 4196 1205 4236 onera

67 4284 177 4343 addidi
277 4288 313 4341 25
330 4287 430 4343 leudem
448 4286 487 4340 Δ·
590 4286 625 4341 26
643 4285 828 4340 infirmitatem
847 4286 915 4341 A¹B
