2774 4830
523 317 670 387 Remigii
694 319 873 388 expositio.
1201 322 1264 390 329

134 526 199 570 cum
229 514 286 591 est,
314 513 384 585 quia
411 511 513 571 stellae
546 512 729 573 astellando
763 513 905 575 dicuntur.
950 515 1097 591 lignee.
1135 516 1290 591 Ligneusv.
1305 532 1339 571 eu
1374 556 1376 564 ‚

135 613 244 673 dicitnr
267 614 359 689 homo,
375 615 424 689 qui
439 614 549 688 liguum
565 616 678 694 adorat,
694 617 771 677 sicut
785 616 925 691 lapideus,
942 620 992 692 qni
1008 619 1134 694 lapidem
1149 620 1261 683 adorat.

136 717 266 777 Surdis
300 720 326 778 ·i·
361 720 395 778 ad
430 719 542 780 surdos.
582 720 692 781 Surdus
727 721 832 780 dicitur
864 739 897 782 eo
927 722 1003 796 quod
1031 722 1129 783 sordes
1158 724 1264 798 capitis

136 823 273 902 retineat,
304 825 399 883 mutus
428 824 533 883 dicitur
560 840 577 881 a
608 824 721 897 mugitu
751 840 784 884 so
814 826 889 900 quod
919 826 996 886 uocis
1018 843 1122 887 sonum
1145 826 1265 885 naribus

112 925 256 985 aretinet.
299 925 467 986 culmina
496 945 514 987 a
544 927 637 987 culmo
671 927 813 990 dicuntur.
859 928 1041 1001 Garduus,
1075 930 1198 989 carduus
1220 933 1266 989 ost

137 1028 228 1088 herba
251 1030 377 1106 spinosa,
402 1047 475 1104 quae
499 1029 586 1105 uulgo
602 1030 762 1106 calcatrips
778 1034 907 1091 uocatur.
951 1033 1120 1091 Monstra
1135 1031 1161 1089 ·i·
1177 1031 1264 1101 idola,

137 1132 204 1191 idea
231 1132 334 1193 forma.
376 1130 469 1193 ‘dulia'
499 1136 625 1194 seruitus
649 1139 705 1210 est,
729 1136 795 1195 inde
818 1134 953 1195 idolatria
977 1136 1103 1195 seruitus
1124 1133 1264 1194 idolorum

138 1239 170 1297 et
205 1235 330 1295 idolatra
367 1236 450 1296 homo
484 1238 591 1298 dicitur·
624 1239 753 1298 seruiens
787 1239 882 1298 idolis.
928 1240 1101 1298 Montem.
1139 1238 1267 1298 Montem

138 1338 269 1413 appollat
302 1340 420 1400 difficile
453 1355 568 1400 carmen
602 1341 758 1414 euangelii.
804 1341 919 1404 Tolis.
957 1342 1045 1403 Tolns
1078 1344 1124 1401 est
1156 1357 1268 1402 summa

99 1459 210 1516 nopars
247 1442 329 1520 tecti,
366 1445 443 1502 unde
480 1444 658 1518 contignatio
694 1444 833 1519 procedit.
879 1445 947 1505 vui
980 1445 1117 1504 dantur
1151 1443 1268 1518 digna

139 1545 295 1618 petenti.
327 1547 402 1605 Illud
425 1548 520 1621 tangit
542 1550 615 1620 quod
640 1549 668 1606 in
691 1548 841 1621 euangelio
864 1548 986 1608 dicitur:
1020 1547 1116 1607 Petite
1139 1551 1169 1607 et
1191 1548 1268 1606 scci-

138 1648 238 1724 pietis.
284 1651 481 1721 Reprobus
510 1649 536 1707 -i-
560 1652 740 1723 reprobatus.
784 1652 953 1724 Angulus
975 1650 1004 1708 ·i·
1027 1651 1149 1724 populus
1182 1650 1269 1710 Iude-

139 1768 231 1811 orum.
276 1751 346 1810 Ills
379 1751 481 1826 lapis
511 1756 557 1813 est
580 1754 722 1824 Christus,
753 1754 803 1828 qui
833 1755 1003 1827 reprobatus
1033 1753 1089 1813 fuir
1121 1754 1268 1827 aludeiS,

139 1856 255 1929 quando
277 1856 425 1915 dixerunt:
449 1855 591 1915 Nolumus
614 1856 691 1915 huuc
712 1873 835 1930 regnare
858 1873 1023 1933 supernos,
1049 1859 1078 1917 et
1095 1856 1124 1914 in
1140 1854 1269 1929 psalmo:

100 1979 129 2019 su
140 1957 282 2032 Lapidem
304 1976 389 2031 quern
411 1959 637 2033 reprobauerunt
659 1963 688 2018 et
702 1962 756 2019 cet.
794 1960 882 2033 Lapis
901 1962 1049 2033 angulanis
1065 1958 1170 2018 dicitur
1185 1958 1269 2017 Chri·

140 2065 217 2135 stns,
240 2062 308 2134 quia
324 2062 473 2136 coniungit
489 2062 545 2121 sibi
563 2063 703 2135 gentilem
717 2062 853 2137 populum
871 2066 900 2122 ot
916 2062 1073 2137 Iudaicum,
1089 2062 1178 2122 ueluti
1196 2061 1270 2134 lapis

141 2166 292 2237 coniungit
320 2166 457 2239 parietes.
501 2166 661 2240 Simplet
689 2168 715 2225 ·i·
746 2166 882 2240 simplum
904 2166 1003 2227 faciat.
1039 2178 1200 2227 insumus
1221 2180 1269 2226 ms

141 2281 260 2329 ARRJO.
295 2269 398 2328 Arrius
420 2268 478 2328 init
499 2271 600 2329 doctor
622 2270 818 2331 Alexandriae
841 2270 978 2344 ciuitatis,
1001 2287 1075 2343 quae
1098 2270 1143 2328 est
1164 2269 1271 2328 metro·

141 2371 219 2446 polis
241 2372 377 2447 Aegypti,
410 2390 496 2445 quam
525 2372 689 2432 aedificanit
719 2389 838 2447 magnus
862 2373 1035 2433 Alexander.
1072 2372 1108 2430 In
1129 2388 1187 2446 qua
1209 2372 1272 2431 erat

104 2474 248 2533 aoPctrus
280 2474 442 2547 episcopus,
466 2474 520 2533 sub
542 2491 597 2547 quo
621 2476 675 2533 iste
697 2480 762 2534 erat
784 2476 881 2534 doctor
903 2475 1029 2536 scholae.
1067 2474 1122 2545 Qui
1144 2474 1272 2533 latenter

142 2577 267 2635 docebat
288 2594 352 2636 esse
374 2576 478 2636 Filium
502 2578 639 2637 minorem
662 2579 749 2637 Patre
772 2581 803 2638 et
825 2578 965 2652 Spiritum
988 2582 1119 2636 sanctum
1135 2580 1271 2636 minorem

142 2681 276 2753 utroquo.
313 2679 393 2740 'lunc
416 2680 518 2740 Patr-us
545 2684 651 2740 missus
674 2685 720 2741 est
741 2700 759 2742 a
781 2682 901 2760 Licinio,
924 2684 1000 2741 socio
1024 2680 1215 2752 Constantini,
1240 2680 1270 2738 in

143 2798 290 2842 carcerem
313 2786 430 2857 propter
453 2783 535 2842 iidem
552 2784 733 2855 catholicam,
749 2802 835 2859 qnam
851 2784 1044 2858 praedicabat.
1073 2783 1123 2843 Oui
1140 2784 1272 2843 Christus

145 2885 284 2960 apparuit
305 2886 335 2943 in
357 2885 452 2959 specie
475 2887 556 2960 puori
578 2886 761 2960 pulcherrimi
783 2888 916 2947 inductus
939 2885 1047 2948 colobio
1069 2886 1273 2945 candidissimo

105 2992 216 3048 madeo
249 2992 282 3049 ut
314 2989 362 3048 uix
395 2990 520 3063 conspici
554 2992 662 3063 posset,
699 2992 750 3051 sed
785 2991 941 3051 dilacerato
975 2988 1067 3050 ueluti
1096 3006 1114 3047 a
1140 2988 1272 3049 canibus.

145 3091 259 3153 Deinde
288 3093 392 3152 Petrus
419 3096 559 3165 grauatus
588 3094 714 3167 pondero
744 3096 921 3168 catenarum,
952 3093 1057 3167 quibus
1079 3097 1143 3153 erat
1165 3092 1273 3167 ligatus

145 3198 177 3257 ct
200 3213 257 3255 non
279 3196 382 3256 ualens
404 3211 532 3271 surgere,
555 3196 693 3255 clamauit
715 3196 831 3257 dicens:
855 3196 975 3256 Domine
997 3196 1062 3270 quis
1077 3196 1119 3256 ita
1133 3199 1163 3255 te
1178 3196 1274 3256 affecit

146 3295 463 3359 .i·di1acerauit?0ni
486 3300 560 3359 dixit
584 3300 738 3361 Dominus:
760 3300 863 3359 Arrius
885 3316 929 3359 me
951 3300 1047 3373 scidit,
1071 3300 1172 3360 diuisit
1197 3298 1274 3359 enim
1332 3318 1335 3323 ·

146 3420 195 3462 me
217 3420 235 3462 a
256 3405 337 3477 patre
367 3420 437 3471 meo,
466 3404 517 3462 sed
546 3403 611 3462 uide
639 3420 675 3462 ne
703 3404 730 3463 ei
752 3403 952 3463 communices.
990 3403 1096 3461 Postea
1123 3402 1274 3461 interfecto

106 3505 261 3565 soticinio
283 3523 302 3564 a
324 3505 520 3578 Constantino,
544 3508 612 3580 quia
634 3506 695 3567 cius
718 3507 868 3580 imperium
890 3507 1007 3566 uolebat
1019 3505 1193 3580 praeripere,
1208 3522 1273 3565 con·

148 3608 284 3683 gregsuit
312 3609 521 3669 Constantinus
552 3611 704 3668 maximam
738 3611 878 3683 synodum
911 3612 1105 3669 trecentorum
1140 3607 1274 3667 uidelicet

148 3715 179 3771 et
201 3710 226 3769 x
249 3713 279 3771 et
302 3711 375 3771 VIII
397 3712 595 3786 opiscoporum
624 3712 751 3786 exceptis
782 3712 949 3772 diaconibus
971 3716 1001 3770 et
1030 3710 1194 3781 abbatibus,
1224 3710 1276 3768 ubi

256 3930 285 3982 11
305 3928 363 3985 ioh.
383 3929 423 3995 16,
442 3928 476 3983 24
579 3930 613 3982 15
631 3927 730 3984 Psalm.
751 3928 808 3995 ll'l,
825 3929 859 3983 22

204 4137 238 4191 14
267 4109 369 4205 »palmo
397 4142 421 4204 (s
447 4140 528 4201 erac.)
557 4138 584 4191 A
721 4136 756 4191 30
786 4106 939 4190 mactantis
965 4138 994 4201 (n
1021 4150 1039 4187 o
1066 4150 1100 4187 aa.
1127 4137 1155 4199 1)
1184 4132 1210 4185 A

149 4261 186 4317 sa
204 4224 306 4326 lass,
324 4262 352 4313 Α
