2774 4830
1088 369 1240 423 XXXVIIII

107 538 251 622 aliasque
273 538 448 605 Parisinam
478 539 726 620 antiquissimam
756 540 830 604 anni
859 538 941 605 1589
973 541 1155 605 contulerat.
1193 541 1238 604 lla

110 640 297 706 lectionibus
331 659 518 724 quamquam
551 643 656 724 paucis
687 660 722 705 ex
753 641 941 706 editionibus
971 643 1125 725 excerptis
1157 643 1235 708 satis

111 760 289 827 cognosces,
313 762 408 827 quam
431 746 531 809 multa
553 744 631 809 uitia
655 763 709 826 pen·
734 744 858 808 saecula
880 743 913 807 in
940 763 1016 826 opus
1038 744 1236 826 inrepserint.

111 848 154 912 At
176 867 233 930 per
255 865 367 911 aeuum
390 845 527 911 medium
551 846 653 937 plures
677 864 770 928 quam
793 846 882 912 hodie
899 846 1014 911 Prosae
1029 846 1124 912 libros
1143 864 1237 912 manu

112 952 246 1033 scriptas
269 951 422 1014 exstitisse
445 968 481 1013 ex
504 950 652 1031 catalogis
676 948 808 1013 uetustis
825 950 979 1027 docemur,
1002 949 1042 1014 ci.
1060 950 1237 1035 catalogum

111 1074 136 1120 s.
155 1053 201 1120 Xl
226 1053 378 1136 scriptum
406 1051 612 1118 bibliothecae
641 1071 723 1117 nunc
750 1052 925 1135 incognitae
948 1053 1030 1136 apud
1053 1052 1086 1116 L.
1111 1051 1236 1131 DeIisle,

111 1155 155 1222 be
170 1154 303 1222 Gobiuel
318 1161 376 1221 etc.
392 1176 421 1239 p.
439 1155 529 1237 419);
546 1159 588 1221 96
602 1153 697 1219 liber
711 1153 836 1219 Sedselii
853 1157 995 1235 prosaice
1001 1178 1012 1237 ;
1034 1155 1238 1221 bibliothecae

110 1258 324 1327 cluniacensis
348 1257 385 1341 (s.
406 1258 468 1323 XlI
484 1261 515 1323 et
529 1257 639 1337 Xlll):
662 1259 728 1325 530
750 1257 900 1322 Velamen
923 1259 959 1324 in
980 1278 1040 1340 quo
1061 1259 1238 1322 continetur

112 1362 261 1430 Maelius
277 1363 402 1426 metrice
418 1364 447 1424 et
461 1361 613 1442 prosaice,
637 1361 795 1442 quoddam
809 1361 989 1444 elipiorum,
1005 1380 1083 1443 opus
1103 1361 1238 1428 Victoris

111 1468 147 1534 de
162 1467 333 1535 concordio
347 1466 597 1548 discrepantium
610 1450 837 1530 sententiarum
859 1466 896 1529 in
917 1469 1063 1546 compota,
1087 1464 1238 1545 copositio

110 1573 215 1637 sanati
242 1569 421 1654 Augustini
448 1568 486 1633 de
514 1567 723 1635 tabernacula.
760 1568 844 1633 Tulli
872 1568 1043 1634 Leucorum
1069 1585 1093 1634 a.
1117 1567 1173 1633 XI.
1204 1567 1234 1630 in

113 1675 244 1741 armaria
261 1673 367 1739 Sancti
383 1674 461 1758 Apri
477 1673 554 1739 fuit:
579 1673 731 1739 Sedrrtius
750 1674 917 1755 prosaicus
934 1673 991 1738 ool.
1008 1673 1029 1736 1
1054 1671 1106 1754 (cl.
1124 1671 1236 1748 Daren,

113 1778 218 1842 Ncuer
251 1777 312 1842 litt.
346 1779 428 1841 Ana.
465 1777 546 1843 1801
580 1798 609 1860 p.
633 1778 697 1857 66).
742 1778 828 1842 Inter
861 1777 966 1849 libros,
1002 1793 1077 1858 quaa
1110 1772 1234 1838 Madal·

113 1884 207 1948 uinus
238 1880 386 1946 ecclesiae
408 1879 588 1946 Pataviensi
611 1899 639 1946 a.
662 1880 726 1946 903
748 1881 827 1945 dana
855 1879 990 1954 dederat,
1019 1876 1081 1942 lnit
1110 1894 1234 1941 carmen

112 1984 256 2066 paschale
279 1983 399 2048 Sedulii
429 1985 461 2048 in
492 1988 582 2048 uetus
611 1986 644 2048 et
665 2003 780 2050 nauum
804 1985 1027 2048 testamentum
1051 1998 1121 2044 cum
1145 1997 1235 2061 prosa

114 2087 208 2170 ipsius
232 2085 287 2169 (of.
309 2087 348 2152 Α.
372 2084 498 2170 enemy,
521 2085 584 2151 Die
606 2084 788 2150 Bibliotbela
809 2085 862 2149 des
882 2080 1163 2162 Oborberrnstiftes
1185 2079 1233 2145 st.

115 2188 254 2255 llarion
275 2209 305 2274 p.
329 2189 404 2272 233)
423 2190 456 2271 ¹).

150 2327 317 2394 codicibus
343 2328 372 2394 R
394 2329 479 2394 etH
508 2331 581 2393 ante
610 2347 660 2393 me
688 2328 752 2393 iarn
781 2345 854 2392 usus
881 2327 947 2391 erat
977 2325 1013 2389 Ε.
1041 2322 1231 2407 Ludwigius

114 2434 161 2514 qni
184 2451 213 2498 a.
240 2431 324 2498 1880
344 2431 500 2515 paschalis
522 2431 620 2514 aperis
642 2431 761 2496 librum
778 2430 923 2512 quintum
939 2428 1040 2494 multa
1056 2443 1126 2491 cum
1141 2426 1233 2490 laude

113 2535 217 2602 anaia.

148 2672 265 2737 Prosae
296 2671 414 2738 codices
442 2673 594 2755 quotquot
622 2675 746 2737 exstant
775 2672 805 2736 in
829 2671 905 2736 duos
928 2672 1048 2735 ordines
1071 2667 1233 2734 discedunt

114 2775 296 2840 auctoritate
319 2776 455 2841 multum
479 2775 698 2857 discrepantes,
722 2792 851 2857 quorum
874 2792 954 2838 unus
978 2771 1136 2838 codicibus
1159 2772 1233 2839 PR.

114 2876 188 2942 altar
211 2877 300 2943 ΗΒΙ
323 2877 412 2942 libris
436 2877 568 2943 allicitur
593 2878 828 2960 (fragmentoG
852 2879 962 2957 exigna
979 2878 1010 2941 in
1026 2893 1154 2940 eramen
1170 2890 1233 2937 nan

114 2981 244 3064 nocato).
279 2979 436 3058 Quantum
466 3001 538 3046 uero
561 2983 682 3047 codices
705 2981 797 3046 nnius
819 2981 937 3045 ordinis
959 2979 998 3044 ab
1022 2979 1120 3045 altore
1142 2976 1233 3041 diffe-

116 3085 191 3160 rant,
215 3101 286 3147 cnm
308 3083 517 3167 capitularum
540 3085 747 3165 discrepantia
765 3086 797 3148 et
812 3085 950 3166 capitum
965 3082 1073 3148 ordine
1090 3079 1143 3165 (ci.
1159 3078 1232 3144 libri

115 3182 140 3246 V
160 3203 228 3268 cap.
243 3185 274 3263 2,
298 3186 327 3264 3,
351 3188 373 3251 4
395 3206 423 3269 p.
440 3188 513 3265 233,
537 3188 609 3264 234,
635 3189 708 3269 193)
733 3193 801 3252 tum
822 3206 857 3251 en
880 3186 1062 3252 lectionibus
1085 3185 1234 3270 perspici·

115 3289 163 3352 tur
184 3288 235 3353 his
258 3288 401 3371 inprimis
423 3290 506 3355 inter
527 3309 561 3356 se
584 3290 731 3356 conlatis:

114 3457 313 3472 ——·—-

211 3562 363 3633 ⁸)Legitnr
388 3568 526 3633 praeterea
553 3565 580 3618 iu
599 3564 700 3620 Labbei
723 3566 885 3621 bibliotheca
907 3583 976 3622 nona
999 3584 1024 3637 p.
1047 3567 1081 3622 23
1108 3567 1232 3622 Vidimus

115 3661 214 3718 quoqu
232 3648 352 3703 eiusdem
370 3652 417 3718 (sc.
437 3650 543 3704 Sedulii
558 3652 629 3720 iun.)
646 3668 694 3706 seu
706 3654 803 3722 potina
815 3655 981 3722 antiquioris
993 3655 1133 3723 exemplar
1144 3655 1233 3722 operia

114 3736 246 3799 wasalia
278 3735 484 3805 quatuordecim
511 3738 653 3805 prioribus
681 3740 817 3807 capitibus
842 3740 925 3794 initio
950 3740 1077 3794 mutilum
1099 3741 1130 3793 in
1154 3739 1232 3794 cuius

116 3817 164 3882 dae
181 3826 263 3876 eram
280 3821 423 3890 adscripta
440 3822 502 3876 Hoc
519 3838 588 3892 opas
605 3829 653 3879 etc.
671 3853 704 3864 -
723 3824 805 3879 Sume
822 3840 899 3879 socer
916 3827 1020 3880 meritis
1037 3831 1085 3880 etc.
1105 3854 1132 3866 -
1153 3825 1231 3878 Haec

115 3904 211 3969 placuit
241 3905 402 3972 adscribere,
436 3910 509 3978 quod
544 3909 747 3980 diligentissimi
780 3910 925 3965 Froneieci
961 3911 1050 3965 lureti
1081 3911 1228 3964 cadmiam

116 3987 240 4062 [menni.
270 3992 431 4062 θεραπηίην
455 3997 486 4048 in
513 3993 604 4049 eadem
628 3995 719 4052 codice
742 3997 804 4051 laus
827 3997 943 4053 domnm
964 3994 1119 4051 Eunorniae
1135 4009 1231 4049 sacrae

118 4076 235 4146 repub,
267 4079 409 4146 conflictus
431 4080 506 4134 neme
529 4080 678 4145 sitiente,
702 4082 889 4138 Commodiani
911 4082 1102 4137 instructiones
1125 4087 1149 4135 et
1175 4081 1233 4135 alio

116 4162 255 4232 umaro,
272 4179 345 4232 quoe
360 4166 419 4220 suis
435 4164 501 4221 locis
518 4167 789 4235 repraesentabimus.
