2774 4830
136 302 201 369 2⁷4
630 302 767 358 securri

136 496 233 580 signis
262 496 307 560 ita
338 492 512 559 manifestis
541 492 675 576 inpulsa,
706 494 831 559 Domini
862 495 933 560 Iesu
962 493 1081 560 Christi
1111 494 1264 561 deitatem

137 597 268 665 credidit
291 596 503 680 adprobatam.
540 596 667 678 qnidam
693 598 777 662 enim
799 598 965 680 strepitum
986 595 1083 662 fuisse
1104 598 1263 663 tonitruus

137 700 349 777 adstruebant‚
374 700 429 766 alii
451 699 589 765 locutum
620 699 686 763 eius
715 700 861 783 angelum
884 699 1099 783 disputabant.
1133 718 1151 765 o
1174 701 1261 783 plebs

136 803 233 869 oculis
250 820 322 867 nare
337 820 425 868 caece
440 806 471 867 et
486 804 576 867 corde
591 800 764 883 durissima,
780 804 819 867 de
833 821 895 886 qua
908 801 1098 886 prophetans
1113 802 1162 867 ita
1177 804 1261 869 loco·

135 907 187 971 tus
209 910 257 970 est
278 905 401 970 Esaiae:
433 904 664 969 obcaecanit
685 904 819 969 oculos
842 922 970 970 eorum
992 910 1030 970 et
1051 905 1289 972 indurantes

134 1026 199 1074 cor
231 1025 376 1086 eorum,
409 1008 470 1071 uti
502 1026 545 1072 ne
579 1007 742 1073 uideant
778 1007 908 1073 oculis
941 1012 978 1072 et
1011 1008 1259 1093 intellegant

134 1110 249 1178 corde
285 1111 324 1175 et
356 1112 656 1190 connectantur,
690 1112 730 1176 et
763 1130 896 1176 sanem
929 1130 1004 1177 eos.
1043 1130 1143 1195 neque
1178 1115 1258 1178 enim

135 1214 292 1280 tonitruus
314 1213 473 1279 Christum
496 1215 551 1279 aut
565 1214 693 1297 angelus
710 1214 848 1279 creatura
862 1233 954 1279 suum
969 1216 1134 1298 generauit
1150 1220 1257 1281 aucto·

134 1336 210 1394 rem,
233 1316 284 1381 cui
306 1317 454 1381 clamanti
476 1315 665 1381 confidenter
686 1314 726 1381 ed
744 1316 870 1382 Patrem
892 1316 965 1382 ilico
989 1319 1204 1402 respondisset
1224 1322 1257 1383 nt

134 1419 236 1498 Pater,
259 1417 314 1482 sed
335 1420 373 1484 ab
388 1436 440 1483 ore
455 1419 513 1483 Dei
528 1419 704 1502 specialiter
717 1418 834 1496 Patris,
850 1419 904 1503 qui
919 1419 1036 1485 lilium
1054 1438 1130 1485 uere
1144 1438 1284 1505 cogno-e

135 1524 190 1601 nit,
212 1521 375 1605 reloqnens
396 1540 454 1586 uox
477 1522 634 1606 processit,
663 1524 701 1587 ut
720 1523 780 1588 hee
800 1523 908 1588 saltim
930 1522 1050 1588 ratione
1071 1529 1257 1606 compuncte

133 1626 226 1692 turbe
247 1624 342 1690 nimis
363 1626 522 1691 incredula
543 1643 612 1690 sero
635 1626 804 1691 caelestem
826 1628 990 1691 duceretur
1005 1626 1045 1691 ed
1060 1625 1168 1692 fidem.
1201 1627 1257 1693 hoc

132 1734 181 1795 est
201 1729 310 1812 itaque
330 1730 458 1795 Petram
479 1728 560 1795 Filio
582 1730 774 1813 respondere,
799 1747 873 1795 suee
889 1732 959 1795 uoci
984 1729 1136 1796 similiter
1151 1748 1257 1797 coneo·

133 1850 216 1915 nare,
246 1833 393 1916 quoniam
421 1830 517 1897 uerbo
539 1832 663 1915 genitus
690 1832 819 1898 uerbum
842 1832 948 1898 Patris
977 1835 1027 1898 est
1047 1830 1206 1911 Christus,
1226 1835 1257 1899 et

132 1936 241 2020 parilis
264 1936 443 2001 coniectura
469 1935 620 2000 sermonis
642 1935 770 2001 Patrem
792 1936 947 2001 reueleuit
968 1936 1003 2000 in
1025 1935 1117 2019 Filio,
1142 1936 1284 2003 Filiumn

131 2039 285 2106 reuelanit
304 2038 339 2104 in
361 2040 463 2104 Patre.

104 2176 121 2235 2
174 2160 261 2226 Tunc
278 2159 373 2226 annui
395 2162 590 2224 sacramento
612 2158 748 2223 conuiuii
770 2176 841 2223 cum
863 2157 1024 2241 paschales
1047 2160 1157 2243 epulas
1180 2159 1257 2227 cele

132 2264 235 2329 braret
267 2283 302 2330 ex
335 2281 429 2344 more,
463 2265 500 2328 ut
531 2263 743 2328 humilitatem
771 2262 863 2348 diligi
892 2280 947 2328 suo
976 2263 1081 2347 potius
1114 2264 1256 2329 edoceret

133 2365 284 2449 exemplo,
315 2362 447 2431 surrexit
468 2384 504 2430 ac
525 2365 623 2430 linteo
647 2383 679 2429 se
707 2365 881 2449 praecinxit
901 2366 1070 2448 doctorque
1093 2366 1257 2451 discipulis

133 2470 285 2535 Dominus
313 2487 389 2549 sese,
419 2468 545 2534 famulis
574 2469 666 2552 pedes
700 2468 839 2547 abluens,
873 2469 1037 2534 inclinauit
1071 2470 1286 2551 tentumqnen

132 2591 206 2639 suae
227 2573 370 2655 deposuit
392 2571 555 2657 festigium
578 2571 753 2655 potestatis,
777 2576 813 2636 ut
836 2570 876 2636 ab
891 2572 982 2638 huius
998 2572 1139 2654 obsequii
1154 2574 1257 2656 digni·

132 2679 197 2743 tate
229 2694 285 2741 nec
316 2673 427 2741 Iudam
460 2674 585 2740 fecisset
619 2678 781 2754 exsortem,
819 2694 911 2758 quem
945 2677 1094 2742 nefandae
1129 2681 1257 2742 nouerat

233 2890 250 2943 5
271 2888 347 2951 cto,
367 2888 400 2943 10

184 3084 267 3153 lite]
287 3084 352 3138 item
371 3084 404 3137 H
497 3083 598 3138 deimte
615 3085 646 3135 Η
741 3084 878 3138 tonitruos
896 3084 963 3147 ΡΒ,
993 3085 1097 3139 tonitru
1118 3084 1157 3151 Β,
1187 3087 1258 3141 toni·

130 3169 185 3222 tmi
203 3167 256 3223 Hc
346 3169 552 3224 3asetrnebant
568 3169 637 3236 RB,
668 3170 859 3225 astruebanto
942 3170 998 3238 ples
1016 3170 1046 3225 P
1128 3172 1256 3242 doculie]

131 3269 200 3308 eres.
217 3255 249 3307 in
267 3254 309 3322 H,
342 3270 426 3309 oeae
512 3259 540 3308 et
558 3270 643 3311 oeno
745 3256 859 3310 diseias
876 3254 929 3310 PB
1024 3256 1124 3326 oculos]
1142 3273 1168 3326 o²
1188 3274 1257 3313 corr.

131 3355 166 3393 ex
187 3356 205 3393 u
229 3340 257 3394 Β
359 3342 431 3394 dut
455 3340 515 3396 PH
614 3357 660 3396 ne-
681 3346 708 3409 (c
724 3345 805 3409 eras.)
831 3340 864 3396 Η
963 3342 1140 3411 intellegatur
1161 3344 1192 3399 P

129 3460 148 3513 8
173 3459 280 3515 tonitru
305 3462 347 3527 R,
382 3462 500 3515 tonitrus
526 3462 555 3515 P
577 3462 612 3528 cf.
636 3478 659 3517 o.
685 3466 720 3519 15
821 3434 942 3517 autorem
965 3463 998 3518 H
1099 3464 1116 3518 9
1143 3464 1190 3518 ill.
1220 3464 1258 3531 Η,

131 3545 214 3603 illio
315 3547 525 3619 respondllllllllet
542 3548 584 3614 Η,
615 3547 786 3617 responderet
802 3549 873 3604 coni.
891 3548 974 3603 Areo.
1078 3548 1112 3603 10
1136 3550 1196 3603 dm
1220 3549 1257 3613 Η,

130 3632 230 3688 dieiI
328 3632 564 3703 qniooePBH
665 3633 1051 3700 llhescP,headB
1156 3636 1257 3691 saltem

130 3753 169 3806 Β·
264 3756 419 3822 compuncte
436 3753 463 3809 R
561 3754 595 3808 12
611 3727 693 3808 nimis
710 3756 738 3822 (u
756 3771 791 3810 m.
809 3753 856 3820 cl.)
874 3752 902 3807 Β
995 3752 1121 3809 coelitem
1137 3755 1193 3813 Bo

130 3839 236 3892 duceret
263 3837 303 3904 B,
338 3838 479 3894 deduceret
503 3855 519 3895 o
672 3841 705 3894 13
729 3842 802 3895 nocie
826 3846 850 3907 (e
875 3840 954 3908 aaa.)
980 3839 1023 3907 H,
1058 3843 1133 3896 nocie
1160 3844 1193 3899 Β

130 3924 336 3979 consimilitero
420 3925 649 4011 nordmaniam
742 3926 774 3981 16
791 3930 893 3996 patrem
911 3926 966 3983 PB
1053 3926 1088 3982 li
1105 3944 1143 3984 os
1161 3944 1259 3987 oms

130 4030 182 4097 υἷι
204 4060 240 4099 nn
262 4028 449 4101 usumrnm'
472 4060 605 4101 numano
628 4047 669 4111 R.
704 4046 844 4115 discipulis
861 4034 912 4100 dii
928 4045 1007 4115 pedae
1024 4046 1116 4103 abluit
1136 4049 1195 4106 He

130 4130 287 4300 conuiJuiili
309 4164 395 4219 sum
416 4166 435 4204 a
451 4166 485 4204 aa
503 4152 534 4217 2)
560 4150 588 4203 Β
689 4149 841 4205 caelebraret
867 4150 895 4205 Β
996 4150 1032 4205 21
1057 4150 1215 4222 dignitates
1238 4157 1262 4225 (ι

130 4247 199 4287 erae.
