2774 4830
111 312 180 383 250
612 310 747 367 escuris

111 500 261 569 omnibus
282 499 497 568 udmmistrat.
534 499 637 566 tribus
660 518 794 583 nemque
809 500 970 584 discipulis
984 520 1091 569 secum
1106 501 1245 569 testibus

115 606 148 670 in
172 603 291 670 excelse
313 603 429 669 montis
454 602 597 668 abductis
619 603 755 686 speciem
777 622 852 669 snae
867 605 984 687 glorios
1000 603 1244 689 transfiguratus

65 770 69 775 .
112 707 253 773 ostendit
274 709 307 774 et
328 706 417 774 uelut
443 707 552 791 igneus
581 707 657 773 solis
680 707 818 773 rudiouit
840 712 992 792 aspectus,
1022 709 1108 774 niuis
1130 708 1243 775 cando·

113 828 181 876 rom
210 811 351 876 uestibus
381 809 534 875 imitatus.
572 829 626 875 cur
653 826 726 874 uero
755 809 881 877 diuinos
908 809 1083 876 maiestatis
1105 810 1243 893 splendi-

114 913 275 980 dissimam
291 914 480 997 claritatem,
496 932 590 996 quam
606 913 724 979 nullius
740 916 884 997 depectus
899 917 1001 997 potest
1016 916 1099 981 acies
1116 914 1242 994 intueri,
1259 939 1271 981 s

112 1019 187 1084 solis
221 1020 254 1084 et
289 1020 410 1084 niuium
447 1019 563 1102 figurae
599 1017 719 1083 uisibili
756 1019 1012 1100 prudentissimus
1049 1019 1243 1103 euangelistc

110 1121 292 1201 contulerit,
315 1124 395 1186 ratio
417 1122 613 1187 manifestior
635 1122 785 1189 edocebit.
831 1122 910 1187 nihil
932 1126 979 1187 est
1001 1123 1034 1188 in
1049 1122 1110 1189 hoc
1126 1121 1241 1187 mundo

112 1224 271 1305 siquidem
294 1223 359 1288 sole
380 1223 503 1301 clarius,
522 1226 594 1289 nine
615 1224 786 1301 candidius,
803 1227 836 1290 et
849 1223 888 1290 oh
905 1224 961 1289 hoc
981 1223 1062 1290 illud
1085 1225 1241 1308 specimen

110 1344 256 1392 summae
270 1326 432 1392 diuinitati
455 1329 542 1392 retus
558 1331 604 1392 est
620 1327 848 1403 conserendum,
872 1328 945 1410 quie
959 1326 1039 1392 nihil
1054 1327 1142 1392 ultre
1156 1345 1238 1393 mor·

112 1429 230 1495 talibus
260 1429 359 1494 oculis
389 1429 539 1512 probetur
569 1449 635 1495 esso
665 1448 856 1496 conoessum.
894 1430 928 1493 in
957 1431 1084 1497 tontum
1106 1448 1270 1514 nemqueo

112 1531 239 1597 Domini
261 1531 364 1614 fulgor
386 1532 440 1599 ille
464 1533 648 1616 praecipuus
671 1538 702 1599 et
725 1533 821 1599 solem
841 1534 1007 1615 superabat
1029 1536 1059 1599 et
1083 1535 1185 1615 niues,
1205 1536 1241 1600 ut

108 1634 211 1700 solem
233 1635 359 1718 quidem
375 1635 524 1718 niuesque
540 1641 712 1719 conspicere
727 1635 819 1701 facile
834 1635 963 1702 cuilibet
979 1637 1110 1702 obtutus
1125 1636 1239 1720 subpe-

109 1738 203 1822 ditet,
232 1736 392 1803 Christum
422 1757 495 1804 uero
525 1741 667 1821 propriae
696 1740 775 1805 lucis
799 1738 944 1806 claritate
965 1737 1144 1822 fulgentem
1167 1758 1238 1805 cum

113 1841 278 1924 nequirent
314 1841 446 1923 aposloli
479 1861 614 1920 cernere,
648 1842 752 1926 pronis
774 1842 808 1908 in
831 1845 947 1908 terrem
969 1843 1111 1908 uultibus
1134 1842 1239 1908 conci·

108 1945 239 2010 dissent.
279 1962 296 2008 o
329 1945 512 2011 sublimium
549 1949 732 2012 meritorum
761 1946 878 2029 monde
912 1944 1087 2029 festigium,
1125 1945 1271 2028 quibusn

111 2046 184 2113 dats
206 2051 280 2113 sunt
302 2046 378 2112 haec
398 2048 431 2114 in
455 2049 568 2114 mundo
590 2067 880 2133 cognosceremus
902 2048 1037 2114 mundus
1059 2066 1122 2114 non
1139 2068 1240 2115 mere·

109 2150 204 2216 batur
224 2150 402 2217 uduertore!
427 2153 502 2234 quid
525 2153 607 2234 quod
628 2157 660 2218 et
683 2152 810 2219 Helium
833 2152 1038 2219 nihilominus
1060 2169 1097 2216 sc
1110 2151 1241 2235 Moysen

108 2252 322 2336 corporalibus
345 2255 469 2339 ignotos
483 2256 660 2337 aspectibus
675 2254 774 2321 oculis
800 2253 1000 2320 interioribus
1015 2255 1240 2338 cognouorunt,

161 2538 376 2613 lamministrst
398 2559 463 2625 PB,
493 2549 662 2615 ”ministret
680 2563 734 2628 (cm
751 2578 769 2616 a
786 2578 821 2615 m.
840 2564 868 2626 2)
891 2560 919 2616 Β
1017 2566 1082 2630 post
1099 2560 1240 2629 tribus,u

105 2675 179 2715 ecoe.
196 2660 254 2715 oid
273 2661 307 2715 ἐκ
324 2661 352 2716 Β
437 2662 553 2716 3uelud
571 2663 599 2716 P
683 2663 788 2732 ignens
807 2662 847 2729 Β,
874 2662 939 2727 sort.
957 2662 1029 2732 ignei
1117 2664 1240 2719 dimmi-

107 2781 183 2834 tutus
200 2780 229 2835 Β
315 2781 475 2850 mngostetis
493 2781 520 2837 Β
605 2747 821 2852 splendissimum
841 2760 916 2849 (dic
930 2798 963 2840 m.
976 2785 1007 2851 2)
1024 2783 1054 2837 P
1138 2784 1240 2840 botri·

106 2904 193 2955 tutem
211 2901 239 2955 Β
333 2867 424 2956 11111Ιῖ11
442 2901 484 2967 Β,
512 2902 604 2956 nullus
623 2902 678 2958 ΡΒ
773 2901 1021 2957 immiioststiore
1040 2903 1068 2957 P
1164 2902 1239 2958 doce·

107 3003 150 3059 bit
172 3005 253 3060 HBo
355 3006 432 3060 nobis
456 3009 498 3060 est
520 3007 548 3061 P
647 3007 823 3076 8siquidem
847 3006 876 3060 in
894 3007 944 3060 hoc
966 3006 1047 3061 HBo
1152 3007 1237 3062 curius

105 3124 135 3178 Β
244 3125 373 3180 candidus
397 3127 432 3191 P,
468 3093 598 3181 condidus
621 3128 649 3182 Β
756 3127 870 3196 speci-c·
891 3128 936 3196 H,
969 3128 1083 3197 speciem
1107 3131 1134 3196 (e
1158 3133 1235 3193 croc.)

107 3209 135 3263 Β
243 3210 318 3265 illius
341 3211 685 3280 speciem-conferendam
712 3213 782 3280 Cot,
818 3212 888 3268 illud
910 3212 1024 3283 speciem
1047 3213 1233 3269 conferendum

106 3293 174 3348 Por.
196 3295 268 3351 aab.
291 3312 351 3350 cum
375 3296 571 3353 adnotatione.-
598 3297 757 3370 chmdcem
779 3298 894 3353 uidetur
915 3296 985 3352 illud
1009 3299 1109 3367 speciei
1128 3300 1233 3365 (scilicet

106 3385 166 3434 tum
192 3381 271 3447 solis,
299 3385 359 3435 tum
385 3383 467 3453 niuis)
491 3413 526 3424 -
552 3384 741 3439 conferendum
859 3386 875 3439 9
902 3383 1058 3440 diuinitetis
1084 3387 1169 3442 Arcu.

104 3488 200 3553 supme
226 3484 254 3538 P
382 3485 535 3541 diuinitatis
562 3486 590 3541 P
612 3486 694 3542 Areo.
818 3476 877 3557 qni*
899 3486 952 3542 ΡΒ
1072 3486 1230 3545 mortsllbus

106 3568 180 3624 ultre
197 3570 278 3626 HBc
366 3570 399 3625 10
415 3571 559 3640 probatum
577 3573 604 3630 Β
690 3573 852 3644 conoessum]
872 3575 965 3642 cccl
982 3574 1010 3631 Β
1105 3575 1139 3630 12
1155 3574 1231 3629 incltc

105 3654 140 3720 P,
171 3655 257 3711 socors
280 3656 323 3722 Η,
354 3655 428 3711 docili
451 3656 478 3711 Β
607 3661 719 3729 optutus
743 3659 781 3724 P,
815 3659 914 3714 obtutu
937 3658 972 3715 Η
991 3660 1059 3715 Par.
1085 3662 1168 3716 Areo.

103 3750 225 3818 suppetit
242 3752 270 3805 et
287 3751 319 3815 P,
349 3751 503 3820 suppeditet
520 3753 571 3808 Bo
671 3754 703 3808 13
720 3752 798 3824 lucis]
816 3769 838 3808 e.
857 3753 875 3810 l.
893 3752 934 3808 u·
1029 3753 1182 3809 clnritntem
1199 3752 1229 3816 Β,

104 3836 147 3915 to
173 3866 202 3927 (⁸
223 3864 303 3932 erae.)
328 3863 360 3919 H
463 3866 495 3919 14
522 3872 592 3934 pune
615 3866 643 3919 P
745 3867 817 3919 terra
843 3866 871 3920 B
974 3865 1148 3922 conciderunt
1168 3868 1232 3922 Poc-

104 3981 179 4038 Gall.
197 3983 279 4038 Areo.
370 3985 403 4040 15
421 3983 568 4039 sublimum
585 3986 621 4040 H
705 3959 1005 4055 grede(nom.2)1t
1091 3986 1232 4043 festidium

103 4116 132 4171 P
232 4118 265 4173 16
288 4120 363 4174 cuius
380 4121 443 4177 dcto
466 4123 494 4177 P
595 4122 712 4178 morehel
730 4112 781 4178 Hc
886 4124 917 4177 l'i
935 4122 1062 4194 quioquid
1082 4126 1118 4193 P,
1148 4090 1232 4197 qus-f

102 4237 185 4304 (corr.
208 4252 242 4291 m.
259 4238 308 4305 ol.)
335 4238 362 4292 Β
466 4240 628 4311 Moyssmo
731 4244 765 4298 18
791 4215 891 4313 ignitos
917 4246 944 4312 (o
966 4259 1002 4298 m.
1022 4243 1071 4311 ol.)
1100 4246 1129 4302 Β
