2774 4830
210 342 274 409 284
705 333 841 388 sedulii

213 529 406 616 posteritatis
433 528 581 595 abscidit!
614 526 763 608 namqui
793 542 898 589 necem
927 522 1053 590 Domini
1077 522 1284 606 postulantes
1311 522 1344 587 iu

212 654 245 699 se
266 652 399 717 suosque
413 633 575 699 filiuseius
590 631 773 713 sanguinem
788 628 919 713 professi
933 632 1008 693 snut
1023 645 1220 710 permanere,
1237 626 1342 693 dicon·

212 740 259 804 tes
282 737 439 804 furialiter
462 741 493 802 et
514 736 701 802 clamantes:
725 734 888 816 sangnis
918 732 1036 798 buius
1057 748 1181 813 super
1205 747 1278 795 nos
1304 730 1341 795 et

210 860 333 925 snper
354 840 467 906 filios
489 844 654 915 nostros,
677 856 800 903 omnem
818 836 954 903 fructum
972 835 1021 902 sui
1035 833 1191 919 germinis
1208 832 1338 899 damnu-

111 996 117 1009 .
211 946 333 1023 nerunt,
368 942 464 1007 donec
497 941 536 1006 ab
567 942 612 1006 eis
634 940 711 1006 haec
744 939 870 1006 macula
905 939 995 1006 illins
1031 957 1112 1021 aqua
1150 936 1365 1020 spiritalitate

209 1049 366 1125 abluatur,
401 1045 489 1111 cuius
520 1048 551 1111 in
585 1044 630 1109 eis
663 1063 753 1110 cruor
782 1043 921 1110 letaliter
950 1042 1129 1109 dominatur
1159 1039 1335 1125 adspersus

210 1149 272 1214 heu
301 1148 441 1231 nequitia
462 1148 521 1231 tui,
543 1148 656 1224 Pilato,
685 1147 840 1223 facinoris,
862 1165 957 1231 quam
979 1145 1132 1231 patrasti!
1156 1146 1214 1228 qui
1235 1148 1285 1211 tot
1303 1143 1335 1208 in

211 1270 271 1317 nno
302 1252 417 1318 iudicio
446 1251 496 1317 uel
523 1251 626 1334 potins
654 1250 840 1333 praeiudicio
871 1250 1004 1317 crimina
1029 1247 1231 1325 commisisti,
1260 1264 1335 1329 qnae

209 1355 237 1420 si
252 1356 382 1437 prouida
393 1356 551 1420 sanandus
565 1358 669 1419 mente
680 1372 887 1437 cognosceres,
904 1352 1058 1421 noneolas
1070 1369 1183 1417 manus
1198 1351 1332 1425 abluere.

209 1460 262 1525 sed
280 1460 382 1523 totum
397 1457 513 1541 iugiter
528 1476 637 1539 corpus
653 1474 742 1523 sacro
758 1457 908 1523 debueras
923 1473 1021 1539 aquae
1042 1454 1199 1538 spiritalis
1211 1455 1361 1520 lauacrou

209 1561 401 1643 perfundere.
432 1561 548 1626 iustum
566 1561 681 1625 iniuste
696 1559 884 1640 diuerberas,
900 1578 1007 1643 regem
1022 1577 1148 1643 praeses
1163 1558 1331 1633 examinas,

209 1666 273 1730 Deo
295 1668 327 1729 te
347 1682 533 1747 praeponere
554 1663 694 1729 mortalis
716 1663 806 1729 homo
829 1679 888 1728 uon
913 1662 1061 1744 trepidae.
1098 1660 1200 1745 igitur
1229 1657 1332 1725 luendi

209 1766 351 1850 supplicii
380 1766 442 1831 iam
471 1764 586 1829 teneris
615 1765 649 1829 in
675 1765 817 1841 uinculis,
841 1765 914 1846 quia
936 1782 1101 1830 numerosa
1123 1781 1181 1845 per
1203 1761 1332 1828 uulnera

208 1868 292 1936 cruci
308 1870 477 1935 Dominum
499 1874 658 1935 creaturae
673 1869 812 1952 configis,
826 1868 1047 1952 Caesaremque
1062 1868 1164 1951 magle
1180 1865 1332 1933 offendere

208 1992 300 2056 qnam
324 1970 462 2037 (laeseris
481 1972 594 2036 metuis
616 1972 818 2039 conditorem.
1339 1990 1360 2033 o

157 2098 197 2161 12
250 2092 389 2175 Cumque
425 2092 558 2157 militari
597 2090 739 2158 Christus
777 2093 950 2158 executioni
988 2091 1186 2158 contraditus
1225 2090 1332 2156 mortis

206 2196 379 2261 sententiae
413 2194 596 2273 subiaceret,
624 2196 657 2259 in
680 2194 748 2279 ipso
770 2194 973 2260 nihilominus
995 2194 1093 2272 cultu,
1115 2212 1211 2277 quem
1232 2194 1333 2279 regiae

208 2301 266 2364 sub
288 2297 435 2380 imaginis
457 2298 610 2363 inlusione
631 2301 778 2380 suscepit,
804 2299 910 2383 magni
932 2297 1122 2380 gerebantur
1135 2300 1332 2363 sacramenta

207 2401 359 2484 mysterii.
398 2401 478 2482 quod
501 2401 583 2467 enim
607 2401 767 2465 coccineae
798 2400 940 2466 clamidis
962 2400 1103 2465 uelamen
1126 2398 1258 2465 indutus
1276 2400 1332 2473 est,

207 2505 372 2568 cruentum
386 2504 511 2568 futurae
536 2504 646 2568 mortis
662 2502 895 2568 demonstrabat
910 2506 1080 2586 aspectum.
1116 2503 1225 2584 spineo
1239 2503 1361 2585 caputio

207 2605 273 2669 eins
296 2621 407 2670 corone
430 2604 643 2683 circumdedit,
666 2605 810 2687 quoniam
834 2603 939 2686 spinas
962 2602 1102 2668 omnium
1125 2607 1332 2686 peccatorum,

207 2724 286 2788 quae
307 2709 477 2773 humanum
499 2726 596 2787 genus
618 2708 735 2791 passim
759 2706 947 2781 inuaserant,
970 2705 1022 2789 pia
1043 2705 1127 2770 solus
1149 2705 1333 2771 humilitate

207 2811 355 2892 portauit.
394 2830 490 2876 manu
516 2811 623 2875 datam
644 2810 789 2892 gestabat
810 2808 1027 2885 harundinem,
1050 2809 1211 2874 mundano
1236 2826 1332 2892 regno

306 2997 324 3050 3
341 2996 374 3050 cf.
393 2995 492 3051 mech.
511 2995 553 3061 27,
571 2996 606 3051 25

257 3162 471 3230 lpostteritatis
488 3162 531 3229 Η,
561 3162 731 3232 posteritatis
748 3178 783 3217 cor
799 3162 983 3232 pmrteritatis
1000 3162 1028 3217 Β
1113 3176 1265 3233 numquec

203 3248 298 3317 tque]
317 3264 367 3303 om.
385 3250 413 3304 Β
482 3250 573 3303 deine
592 3249 623 3303 Η
694 3249 913 3304 lolamanerunt
929 3247 971 3313 n,
1000 3248 1218 3317 dampnauerunt
1235 3250 1265 3304 Β

202 3334 220 3389 5
245 3349 328 3403 aquas
354 3335 388 3389 Η
485 3335 502 3388 6
528 3335 663 3391 laetaliter
686 3335 730 3400 H,
760 3334 897 3389 loetaliter
919 3334 947 3390 Β
1050 3334 1170 3389 8111μο
1194 3335 1331 3403 (iceras.)

202 3422 238 3477 Η
330 3422 413 3491 9pro
432 3421 491 3475 nita
508 3420 549 3488 R,
578 3420 699 3490 pronicia
716 3421 751 3475 Η
837 3420 958 3475 ablueres
976 3419 1028 3474 Hc
1123 3420 1153 3475 ll
1173 3419 1332 3489 profundere

202 3509 237 3563 H
335 3508 423 3591 iustus
448 3505 475 3562 Β
578 3507 679 3576 iniusto
696 3506 854 3563 deuerberas
880 3506 940 3561 ΗΒ
1051 3505 1084 3560 12
1110 3504 1218 3559 domino
1246 3523 1264 3562 o

202 3628 261 3666 omo
286 3610 314 3664 Β
414 3610 513 3680 quibus
537 3611 624 3679 igitur
646 3610 695 3667 Bo
799 3612 831 3667 13
854 3612 919 3680 qnia
941 3609 1009 3676 Hc,
1037 3623 1090 3678 que
1112 3607 1152 3673 Β,
1183 3609 1230 3678 qni
1249 3609 1280 3665 Β
1295 3609 1330 3677 cf.

206 3698 295 3754 Com.
399 3698 432 3753 14
449 3696 587 3767 configeris
605 3698 640 3753 H
740 3699 772 3753 15
791 3701 880 3767 cesare
897 3696 984 3765 magis
1002 3695 1031 3753 Β
1134 3695 1168 3748 16
1184 3710 1222 3749 nu
1240 3710 1331 3752 ocum·

201 3798 260 3840 rura
283 3796 408 3840 cnarrnnn
431 3797 543 3839 conon
566 3799 601 3839 nn
625 3797 775 3839 arnum
798 3783 838 3851 R,
868 3798 918 3837 ona
944 3782 991 3845 Η,
1025 3780 1066 3835 De
1088 3782 1164 3834 ueste
1188 3795 1330 3850 purpurea

201 3901 296 3941 corona
322 3887 420 3956 spinea,
448 3886 577 3941 arundine
603 3889 632 3941 et
658 3886 778 3941 uestibus
804 3885 906 3941 Christi
933 3901 949 3940 o
1071 3883 1202 3938 secationi
1230 3885 1269 3940 H

203 4008 234 4060 17
252 3973 379 4063 miiitiae
395 4006 423 4062 R
441 4023 512 4062 corr.
529 4024 563 4063 m.
581 4010 599 4062 2
696 4007 801 4062 cultum
818 4007 852 4061 Η
943 4020 1023 4074 quem
1040 4004 1068 4058 Β
1168 4005 1201 4061 18
1218 3989 1335 4075 ςοηδιῖ

202 4092 228 4146 Β
331 4094 363 4148 19
386 4094 506 4147 coccineo
528 4092 563 4146 H
662 4091 784 4146 clamidis
801 4091 887 4147 RHB
990 4091 1023 4144 21
1042 4104 1141 4144 corona
1157 4104 1209 4145 oro.
1230 4090 1267 4147 H

199 4176 234 4229 ‘li
247 4180 312 4245 pont
330 4176 448 4231 humanu
466 4192 521 4232 roe.
539 4180 556 4231 1
572 4177 626 4231 litt.
645 4177 701 4245 (sl)
718 4178 746 4231 Β
848 4176 883 4231 23
906 4191 986 4230 manu
1003 4175 1049 4230 Ηι
1069 4179 1140 4243 (nam
1159 4189 1233 4231 corr.
1245 4192 1282 4232 rra.
1294 4178 1331 4246 Β),

200 4278 261 4316 nom
278 4277 295 4316 o
396 4262 552 4318 arundiuem
569 4263 611 4318 Ηι
713 4262 811 4319 munda
827 4262 856 4318 Β
