2774 4830
119 350 224 399 xxnn

118 539 200 590 anne
231 523 313 589 1161
348 524 430 590 forae
462 525 544 590 edita
577 523 681 590 codice
716 525 852 607 parentis
887 525 945 603 sui,
979 543 1071 608 quem
1104 525 1133 591 is
1165 524 1250 594 Plin.

119 643 232 712 paneg.
255 627 307 706 15,
323 628 346 695 5
360 631 394 694 51
407 628 496 707 49,8
519 628 684 713 antiquum
706 629 739 693 et
759 628 934 696 laudandae
956 629 1126 695 uetustatis
1148 649 1250 697 mem·

119 732 233 798 branae
256 731 411 816 designat,
434 751 510 799 5555
532 733 658 817 estqui
679 731 761 800 liber
782 732 875 799 hodie
892 733 1084 800 desideratus
1105 733 1251 819 paschale

119 851 246 900 emmer
263 834 458 919 epigramma
471 835 590 902 Asterii
604 836 755 920 hymnum
771 834 891 902 sedulii
907 837 1045 919 primum
1060 836 1248 903 continebat.

120 934 209 1002 Idem
231 937 282 1003 uir
303 938 412 1004 dootm
434 935 562 1004 aPetro
577 939 760 1003 Burmanno
775 936 916 1005 Secundo
933 941 1094 1022 acceperat
1115 937 1249 1005 codicem

54 1067 111 1109 rs.
124 1038 521 1106 Almeloveeniannm
543 1038 670 1106 maioris
684 1039 813 1119 formae,
828 1058 888 1124 quo
903 1043 967 1107 iam
983 1039 1134 1107 Callatim
1148 1041 1251 1107 editor

120 1159 197 1207 neus
230 1141 343 1223 lueret,
376 1141 425 1208 ‘ob
457 1142 679 1226 antiquitatem
712 1143 746 1209 et
779 1143 898 1210 scholia
930 1146 1083 1227 quaedam
1115 1146 1251 1211 maxime

119 1242 421 1312 commendandum'.
444 1247 482 1312 In
504 1245 585 1312 libre
606 1245 863 1313 desiderabantur
884 1253 1027 1313 5555155
1042 1248 1095 1314 lib.
1111 1249 1128 1315 Ι
1144 1248 1251 1314 181-

40 1375 108 1417 cm
122 1347 169 1414 IV
189 1348 249 1414 113
270 1348 321 1430 (cl.
344 1349 455 1415 Arntz.
479 1347 557 1432 prol.
578 1347 618 1414 ad
640 1349 688 1414 ed.
711 1367 742 1432 p.
763 1348 825 1432 16).
855 1349 922 1417 Iob.
948 1350 1029 1417 lirid.
1053 1352 1252 1431 Grunero,

120 1449 175 1535 qui
196 1468 277 1517 anno
302 1450 386 1517 1740
409 1450 571 1518 Sedulium
600 1451 708 1531 edidit,
739 1453 924 1537 contigerat,
954 1459 992 1517 ut
1013 1453 1149 1520 editione
1171 1455 1250 1521 Tor-

120 1553 268 1620 naesiana
299 1552 374 1621 anni
404 1552 487 1620 1565
521 1572 593 1620 cum
626 1553 709 1619 uotis
732 1572 808 1620 mss.
842 1554 927 1621 Erioi
949 1556 1098 1638 Gemelli,
1131 1576 1167 1622 ex
1189 1577 1249 1624 ms.

46 1677 109 1720 cns
124 1655 424 1737 Gortuariensi,
452 1656 558 1724 codice
579 1656 720 1724 Naneii
748 1658 905 1724 51551155
929 1656 1113 1724 Vulcanii
1135 1677 1174 1724 ne
1196 1678 1254 1744 per

55 1788 110 1833 55
123 1761 263 1847 primum
283 1760 408 1845 quidem
430 1759 547 1826 librum
570 1759 701 1846 integris
714 1762 865 1829 uteretur.
895 1758 967 1827 Ghr.
992 1759 1194 1828 cellarius
1217 1761 1251 1827 in

121 1865 298 1933 exomendo
319 1862 920 1950 5111555555.1704555511151739)
945 1864 1090 1931 adhibuit
1110 1865 1254 1932 codicem

49 1995 110 2048 m„
123 1968 366 2053 Lipsieneem
381 1968 525 2037 biblioth.
537 1967 624 2034 nnin.
637 1973 675 2048 (e.
686 1969 790 2049 XIII).
812 1968 934 2036 Homm
947 1968 1089 2036 codicum
1100 1968 1254 2037 lectiones

122 2091 160 2139 ex
192 2072 382 2139 editionibus
416 2072 565 2157 prolatas,
598 2072 625 2136 51
654 2090 733 2155 quae
761 2071 795 2137 in
818 2090 886 2137 rem
907 2090 974 2137 esse
998 2071 1194 2152 uidebantur,
1217 2076 1255 2142 in

34 2198 111 2242 mnu
125 2176 346 2243 commentante
364 2175 488 2254 notani3
510 2174 588 2240 item
605 2192 642 2239 ex
664 2172 699 2240 G.
721 2173 881 2240 Barthii
902 2174 1101 2242 Aduersariis
1122 2177 1155 2242 in
1178 2178 1254 2261 qui·

122 2279 181 2345 bns
210 2281 352 2362 excerpta
381 2278 514 2344 duorum
541 2277 681 2345 codicum
712 2276 950 2345 Sednlianornm
978 2280 1255 2363 deprehenderim

122 2399 185 2447 non
218 2383 323 2467 spreui
355 2381 409 2446 sed
437 2380 588 2447 nonnulla
608 2384 783 2447 memoratu
811 2380 906 2466 digna
927 2383 1041 2466 recepi
1079 2386 1256 2450 huntzenio

46 2506 108 2550 55.
121 2486 247 2570 praesto
290 2484 393 2551 luerat
437 2486 531 2551 etiam
575 2483 670 2550 editio
707 2484 833 2570 Georgii
862 2485 1072 2553 Fabricii
1093 2488 1116 2568 ¹)
1161 2489 1255 2573 (anni

123 2589 233 2673 1562),
262 2593 349 2657 cuius
377 2591 512 2675 margini
535 2589 569 2656 G.
592 2592 633 2657 Δ.
656 2589 833 2657 Dukerus
860 2591 1008 2658 lectiones
1035 2594 1193 2660 uariantes
1216 2612 1256 2658 er

34 2695 256 2779 5555511555
276 2692 365 2759 1551
387 2689 628 2774 Parrhasii')
655 2692 1005 2760 editioneeti'heodori
1020 2696 1253 2764 Poelmouni

30 2787 176 2886 1,’;·’,··“,;551
202 2798 413 2864 Pulmanni
443 2796 602 2863 nobedis
632 2797 849 2880 adscripscrat.
882 2795 1070 2863 Poelmanni
1101 2798 1255 2866 lectiones

119 2902 226 2970 uariae
246 2901 417 2968 huntzenio
431 2920 468 2966 er
482 2919 556 2965 mss.
579 2902 778 2984 depromptae
793 2899 990 2980 uidebantur,
1014 2920 1084 2968 cum
1107 2921 1254 2968 nonnun-

121 3023 218 3090 quam
239 3004 271 3069 15
294 3004 415 3069 schedis
438 3003 588 3068 librorum
611 3002 798 3083 scriptorum
821 3003 939 3068 mentio
961 3002 1049 3068 fieret
1072 3003 1251 3088 (5151551.

120 3109 161 3174 ad
183 3107 214 3174 V
234 3106 323 3191 216).
357 3110 403 3172 ht
424 3125 518 3189 quam
544 3104 632 3170 55115
659 3104 708 3169 1111
735 3105 802 3171 uiro
825 3106 914 3171 15515
936 3104 1075 3173 habenda
1096 3107 1139 3173 sit
1162 3108 1251 3186 fides,

121 3210 229 3293 paucis
250 3208 389 3274 illustrat
409 3207 546 3286 biettine,
575 3207 747 3277 Germania
767 3206 827 3272 XX
850 3207 921 3274 130.
954 3208 1164 3276 Poelmannm
1186 3211 1251 3278 iam

123 3315 216 3379 antea
239 3311 400 3378 Sedulium
423 3329 492 3376 cum
514 3311 610 3376 narde
632 3310 818 3376 lectionibus
840 3330 903 3377 una
925 3329 996 3377 oum
1018 3313 1128 3379 ceteris
1150 3316 1252 3398 poetis

226 3483 246 3552 ι)
264 3484 407 3538 Poetarum
430 3486 551 3538 ueterum
576 3481 811 3537 ecclesiasticorum
835 3498 916 3553 opera
932 3481 1080 3540 christiana
1097 3487 1124 3540 et
1140 3501 1250 3555 opernm

123 3571 255 3641 reliquiae
278 3574 361 3638 atque
383 3568 533 3638 fragmenta
555 3566 697 3622 thesaurus
720 3567 866 3623 catholicoe
889 3570 917 3622 et
936 3569 1098 3624 orthodoxae
1124 3572 1251 3628 ecclesiae

121 3661 151 3712 et
168 3657 345 3726 antiquitatis
362 3656 503 3726 religiosae
526 3652 560 3708 ed
577 3653 729 3708 utilitatem
752 3654 905 3709 iuuentutis
928 3654 1104 3712 scholasticae
1121 3658 1251 3714 collectus

120 3743 278 3799 emendatus
297 3743 418 3814 digestus
435 3745 464 3796 et
481 3741 670 3796 commentario
681 3756 784 3809 quoque
802 3741 940 3809 expositus
958 3741 1102 3810 diligentis
1118 3748 1147 3798 et
1158 3744 1251 3799 studio

123 3830 236 3902 Georgii
253 3829 374 3885 Fabricii
392 3827 599 3885 Ghemnioemis.
627 3825 750 3882 Basileae
767 3842 814 3896 per
832 3827 890 3883 Ioh.
912 3827 1067 3898 Operinum.

226 3937 247 4001 ⁸)
266 3933 374 3990 Prodiit
391 3932 455 3987 haec
472 3930 556 3986 editio
567 3929 712 3985 Mediolani
724 3945 794 3984 anno
806 3932 872 3985 1501
885 3929 1009 3986 dedicata
1020 3930 1110 3986 ciuilis
1122 3934 1150 3987 51
1162 3935 1252 4002 ponti·

122 4022 178 4078 11511
196 4022 266 4077 iuris
283 4020 435 4077 consulties.
453 4018 645 4088 Insubriaeqne
662 4017 737 4087 regio
754 4018 873 4073 senatori
892 4017 1000 4072 domino
1017 4017 1146 4073 Michaeli
1157 4019 1253 4076 1115515

120 4108 300 4177 Neapolitano
322 4106 441 4177 patricio.
471 4102 578 4174 Inspexi
604 4102 672 4158 hanc
695 4102 841 4159 editionem
867 4103 897 4157 in
922 4102 1086 4159 bibliotheca
1111 4102 1255 4162 Marciaue

120 4193 251 4251 Venetiin
281 4194 315 4249 In
333 4192 386 4247 tine
403 4191 484 4247 huins
502 4187 629 4245 editionis
647 4188 780 4244 nonnulla
797 4189 829 4243 de
843 4189 947 4244 Sedulii
959 4193 987 4244 et
998 4188 1140 4244 Prudentii
1153 4207 1256 4261 genere

121 4280 228 4337 dicendi
246 4283 274 4335 et
290 4277 460 4336 nersillcandi
478 4276 571 4334 addita
587 4278 659 4330 eunt
