2774 4830
1143 345 1242 393 XXXV

110 519 242 584 iudicio.
273 517 439 584 Rationem
461 513 563 598 operis
583 512 735 595 geminati
752 512 886 595 explicet
900 515 992 596 etque
1006 518 1127 581 recusat
1142 515 1188 582 ite
1200 512 1241 595 ¹):

112 623 282 704 Siquidem
315 623 417 684 multa
448 637 510 699 pro
548 619 694 681 metricae
726 615 920 681 necessitatis
951 617 1105 700 aupustia
1135 619 1242 698 priori

111 723 340 788 commentario
374 739 574 801 nequaquam
603 718 752 782 uideretur
779 718 910 796 inserto,
943 738 1024 799 quae
1043 721 1242 800 posmodum

110 826 244 910 linpuae
260 825 409 890 resolutio
425 827 469 888 est
484 823 642 903 adsecuta,
664 820 841 886 dederimus
855 820 928 886 birro
943 821 1087 905 aliquam
1102 824 1241 903 forsitan

110 929 367 996 obtrectatoribus
395 927 500 1004 uiam,
530 925 689 1006 dicentque
715 924 868 989 oouuulli
895 924 989 1007 fidem
1017 925 1241 993 translationis

112 1052 175 1099 esse
201 1034 396 1114 corruptam,
430 1029 507 1111 quim
536 1032 621 1094 certo
649 1027 795 1092 uidelicet
822 1032 896 1092 smel
918 1029 1127 1110 irroratione,
1161 1052 1241 1114 quae

113 1156 178 1201 roo
206 1134 364 1200 baberetur
391 1133 429 1195 lu
456 1131 596 1195 carmine
609 1179 701 1198 .....
731 1131 832 1193 uestri
854 1149 990 1211 prorsus
1012 1152 1033 1196 a
1054 1150 1116 1198 sese
1145 1134 1241 1200 libelli

114 1259 177 1304 noo
214 1238 416 1320 discrepant,
458 1234 511 1299 sed
547 1254 627 1316 quoe
664 1232 831 1313 defuerant
861 1234 982 1315 primis
1018 1235 1130 1300 addita
1166 1243 1241 1303 smel

112 1342 269 1409 succedis.
304 1340 370 1405 Neo
393 1341 531 1420 impares
553 1340 737 1420 orpumeubo
758 1334 808 1400 uel
823 1338 944 1421 ordine,
966 1338 1021 1403 sed
1038 1338 1111 1404 stilo
1126 1341 1239 1406 uideu-

114 1451 166 1510 tur
187 1451 216 1511 el
240 1444 382 1509 oratioue
404 1440 584 1507 dissimiles.
613 1441 720 1522 Atque
733 1443 770 1505 de
786 1439 989 1524 inscriptione
1011 1442 1083 1508 libri
1098 1443 1184 1510 addit
1197 1443 1239 1529 Ἲς

115 1548 243 1615 Priores
266 1547 367 1630 ipilur
389 1543 475 1620 libri,
498 1543 577 1625 quia
599 1561 692 1606 uersu
707 1541 822 1624 dipesii
835 1547 910 1606 suut
925 1533 1038 1608 uorum
1054 1563 1240 1613 rnscnnnrs

116 1668 278 1718 cnnnrnrs
300 1650 494 1730 acceperuut,
517 1650 675 1727 sequentes
696 1649 799 1710 autem
821 1645 858 1708 iu
874 1665 1007 1726 prosam
1023 1647 1115 1713 nulla
1129 1669 1240 1715 cursrrs

115 1756 270 1820 uarietate
302 1752 454 1829 conuersi,
488 1765 674 1815 rusonnnrs
703 1747 912 1831 desipeoulur
942 1768 1060 1816 ornnrs
1089 1751 1239 1818 uocabulo

117 1858 293 1942 nuncupati
305 1856 341 1935 ³).
381 1855 484 1938 Igitur
514 1872 585 1918 cum
618 1852 756 1936 paschali
788 1871 876 1936 opero
906 1872 1028 1919 carmen
1054 1855 1239 1939 explicetur,

116 1980 202 2029 nemo
227 1959 419 2028 initiabitur
442 1957 523 2022 illud
545 1957 585 2021 nd
607 1956 760 2021 rationem
785 1955 930 2020 carminis
953 1959 1132 2024 recensendi
1155 1936 1249 2026 reete⁸

117 2065 339 2133 instituendum
369 2062 539 2146 plurimum
568 2061 681 2139 ualere,
711 2058 743 2124 id
766 2062 845 2142 qnod
868 2059 922 2142 qni
945 2064 1017 2124 ento
1038 2080 1094 2126 nos
1116 2061 1238 2129 Scdnlii

116 2171 257 2253 oporibus
286 2185 410 2249 operam
439 2165 590 2230 dederunt
620 2161 760 2245 plerique
789 2167 844 2228 eut
873 2163 1078 2246 neglexerunt
1100 2169 1154 2231 eut
1176 2184 1237 2232 nun

115 2273 186 2361 setis
209 2269 439 2356 perspexerunt.

152 2375 307 2442 Paschelo
337 2371 421 2456 Opus
451 2389 527 2437 eene
557 2370 703 2452 sequente
733 2386 920 2451 quemqnam
948 2386 1008 2435 nen
1037 2369 1147 2437 oedem
1177 2392 1238 2458 qne

117 2478 247 2546 Cermen
274 2483 378 2543 tumen
412 2474 516 2558 ulique
549 2474 732 2539 anctoritate
766 2471 872 2548 fuisso,
903 2490 919 2536 e
949 2473 1134 2540 testimoniis
1167 2479 1237 2541 aeni

116 2583 247 2650 berolini
264 2581 370 2666 colligi
386 2579 470 2646 licet.
499 2579 603 2662 Atque
624 2578 706 2659 apud
728 2577 870 2643 Bedem
895 2576 981 2659 (hist.
1005 2579 1111 2646 scelos.
1133 2581 1237 2663 gentis

116 2687 291 2773 Anglarnm
307 2683 335 2749 V
353 2683 403 2761 18)
420 2681 568 2767 legimus:
593 2677 801 2758 (Aldbelmus)
816 2680 941 2762 sempsit
957 2680 1035 2745 etde
1050 2682 1238 2764 uirpiuitate

116 2789 229 2854 librum
259 2787 421 2865 eximium,
457 2805 546 2867 quem
574 2784 612 2846 iu
644 2780 860 2863 exemplum
888 2782 1047 2848 Sedulii
1076 2786 1235 2867 peruiuaio

115 2911 199 2974 opere
214 2894 246 2956 et
260 2888 408 2954 uersibus
422 2886 612 2952 becametris
626 2890 654 2950 et
663 2904 764 2968 prosa
778 2885 950 2965 conposuit.
987 2885 1068 2951 Item
1090 2886 1237 2954 Rhaba-

117 3013 198 3060 num
218 2993 396 3058 Maurum
412 2990 531 3058 Sednlii
547 2988 686 3071 exemplo
701 2988 830 3055 ductum
846 2989 985 3054 carmine
999 2995 1122 3056 sunctae
1136 2995 1237 3058 crucis

118 3096 195 3162 tundi
240 3095 343 3162 dicata
385 3094 481 3159 etiam
517 3110 657 3158 sermono
700 3091 833 3176 pedestri
872 3090 1161 3175 cicumscripsisso,
1200 3115 1237 3159 ex

118 3198 209 3280 ipsine
249 3195 354 3262 uerbis
390 3199 511 3261 constet
520 3193 557 3277 ⁴).
604 3193 809 3275 Temporibus
845 3195 1045 3275 sequentibus
1081 3192 1165 3279 Opus
1203 3198 1236 3262 in

120 3301 232 3367 minore
253 3301 354 3385 pretio
378 3298 521 3365 habitum
544 3316 621 3375 esso,
651 3316 688 3362 ox
710 3314 744 3361 eo
767 3294 896 3380 colliges
918 3298 999 3380 qnod
1022 3317 1091 3364 raro
1114 3302 1161 3367 ost
1182 3301 1238 3366 do·

123 3405 274 3487 scriptum.
320 3402 408 3469 Libri
440 3401 659 3484 manuscripti,
698 3401 750 3481 qni
789 3402 893 3463 nostre
925 3400 1052 3466 saecula
1084 3403 1236 3486 tulerunt,

124 3510 187 3570 sunt
208 3506 256 3571 hi:

219 3715 237 3776 ¹)
254 3710 320 3763 ibie
338 3724 363 3778 p.
383 3707 440 3774 172,
457 3710 482 3762 2.

217 3816 235 3875 't
253 3814 289 3867 ib.
308 3830 333 3883 p.
352 3811 409 3876 173,
432 3811 471 3865 16.

218 3917 288 3984 ⁸)cf.
306 3916 388 3970 etiem
406 3917 438 3972 Δ.
456 3914 548 3981 libert,
566 3915 623 3970 nu.
641 3914 688 3970 dec
704 3915 885 3970 Mittelallers
902 3916 916 3968 1
934 3931 961 3984 p·
978 3915 1037 3970 863.

218 4020 237 4086 ‘)
259 4020 291 4074 ci.
315 4018 397 4090 preat
420 4020 481 4073 libr.
503 4018 532 4074 11
554 4032 635 4073 cerm.
655 4035 676 4072 c.
694 4019 794 4073 crucio:
818 4018 883 4074 Moe
900 4018 979 4086 aprrd
996 4023 1101 4073 ueteres
1119 4019 1186 4086 fuit,
1204 4025 1237 4074 ul

136 4101 223 4159 mino
244 4107 306 4161 eido
325 4106 445 4175 propria
467 4103 616 4159 mirelmont
639 4119 732 4173 opero,
754 4119 809 4174 quo
830 4104 994 4160 iucundiora
1011 4109 1036 4159 et
1053 4105 1167 4160 utiliora
1183 4121 1237 4161 rua

138 4176 262 4249 lutam
278 4192 372 4258 forced
387 4192 501 4261 lemnia
512 4227 520 4244 .
530 4228 553 4243 ..
581 4190 616 4245 Ul
633 4189 668 4244 de
685 4191 781 4245 cereris
798 4195 912 4255 taceam,
935 4189 1003 4260 quid
1019 4189 1098 4245 aliud
1115 4192 1237 4261 Prosper

137 4276 162 4318 ⁰⁰
175 4277 339 4333 remanda
356 4279 403 4332 uir
420 4277 549 4335 Seduliuc
565 4276 661 4343 decime
678 4277 851 4334 cernuntur?

1097 4381 1134 4436 c·
