2774 4830
135 348 200 415 340
608 342 790 411 Appendix.

15 540 297 616 ‚ee-remeritie,
321 540 389 614 quia
411 539 529 613 dignum
544 540 616 617 erat,
633 541 665 596 ut
687 537 842 598 inmundus
858 536 991 595 mundum
1006 539 1131 609 peteret.
1154 535 1258 597 oletum

135 647 166 702 et
188 643 295 703 olidum
318 642 391 702 idem
415 646 459 700 eet
482 646 512 702 et
535 644 603 700 eunt
625 646 675 701 ton
691 658 800 718 meson,
824 641 900 700 unde
917 656 1030 714 semper
1045 642 1134 713 egent
1150 640 1259 714 epithe-

135 752 186 806 ton
219 747 246 804 ·i·
279 745 420 805 adieetiuo
450 745 573 807 nomine.
618 744 833 817 Phalanges
868 744 895 802 ·i·
929 742 1133 803 multitudines
1164 746 1194 802 et
1220 746 1261 802 est

135 851 236 924 lingua
268 850 424 922 Medorum,
455 851 529 923 quod
557 849 677 909 dicimus
712 847 848 921 legiones.
895 847 1058 905 Horrens
1093 847 1120 904 ·i·
1154 850 1259 915 toruus,

136 951 299 1025 horribilis3
323 954 379 1012 tria
401 956 469 1012 sunt
492 953 622 1027 epitheta
644 953 706 1012 sine
729 951 940 1023 coniunctione,
964 968 1037 1025 quae
1060 950 1158 1026 ligura
1181 965 1287 1011 uoce-e

135 1060 182 1115 tur
206 1055 369 1129 asyndetos.
408 1057 492 1114 Sine
514 1072 597 1129 usu,
622 1057 648 1114 -i·
671 1056 735 1115 eine
757 1054 859 1113 officio.
898 1056 966 1114 (tum
996 1055 1067 1114 dicit
1097 1055 1262 1115 resolute

136 1158 272 1233 ostendit,
304 1160 371 1231 quid
402 1160 441 1218 sit
468 1159 612 1233 paralisis.
651 1159 738 1231 Lisis‚
772 1160 896 1230 solutio;
930 1159 1076 1233 paralisis,
1115 1159 1260 1227 resolutio,

135 1262 203 1321 inde
226 1261 396 1335 paraliticus
418 1279 541 1336 persua
563 1263 692 1321 membra
717 1263 873 1322 resolutus.
919 1261 1083 1321 Vincula
1103 1263 1134 1321 ·i·
1151 1278 1259 1335 compu-

135 1365 306 1440 ginationes.
344 1364 434 1424 Nerui
464 1369 534 1424 sunt
567 1366 685 1425 uincula
719 1365 857 1439 corporis,
888 1381 950 1424 cum
984 1382 1051 1425 uero
1080 1364 1261 1425 resoluuntur

134 1468 230 1527 larum
263 1471 293 1527 et
326 1467 464 1527 fluuidum
497 1468 621 1526 reddunt
653 1485 765 1542 corpus.
821 1467 932 1526 hlalie
966 1487 999 1527 ·s·
1032 1468 1289 1528 infirmitatibusn

136 1570 265 1644 Quinque
288 1571 380 1631 modis
403 1573 487 1629 datur
509 1571 677 1631 infirmitas:
700 1572 791 1644 primo
807 1573 923 1645 propter
938 1571 1060 1644 gloriam
1077 1573 1135 1644 dei,
1154 1579 1187 1632 ut
1201 1571 1260 1631 lau·

135 1676 218 1733 detur
240 1676 310 1735 deus
333 1676 409 1734 sicut
431 1675 460 1732 in
484 1674 591 1733 Lazaro
615 1679 644 1733 et
660 1674 690 1732 in
705 1691 789 1733 caeco
807 1678 896 1743 nato;
913 1674 1035 1733 secundo
1051 1674 1089 1733 ad
1104 1674 1260 1734 custodiam

135 1778 274 1837 uirtutum
308 1777 384 1837 sicut
406 1776 504 1846 Paulo,
541 1795 576 1836 ne
610 1776 793 1836 insolesceret
823 1780 905 1835 tanta
927 1776 1144 1850 magnitudin03
1179 1780 1260 1836 tertio

134 1883 170 1941 ad
195 1884 348 1955 augmenta
369 1882 510 1940 uirtutum
533 1881 610 1939 sicut
633 1880 741 1939 Tobiae
764 1884 794 1938 et
815 1881 876 1951 Iob,
904 1882 953 1954 qui
974 1881 1122 1954 patienter
1138 1880 1261 1941 ferentes

70 2021 73 2025 -
134 1984 332 2044 infirmitatem
353 1985 515 2044 sanctiores
538 1984 669 2055 inerunt3
694 1987 797 2056 quarto
824 1988 940 2058 propter
963 1987 1083 2058 peccata
1104 1986 1184 2044 sicut
1199 1984 1289 2043 huieu

134 2088 300 2161 paralitico;
330 2089 450 2160 quintus
479 2090 579 2147 modus
602 2091 647 2147 eet
676 2090 869 2161 reproborum,
893 2088 942 2161 qui
964 2087 1012 2145 hic
1034 2088 1098 2146 ideo
1123 2087 1261 2162 incipiunt

133 2192 270 2265 torqueri,
301 2193 333 2250 ut
354 2208 406 2264 per
428 2191 500 2250 haec
525 2194 669 2250 tormenta
698 2190 818 2250 ueniant
841 2191 877 2248 ad
903 2194 1020 2249 aeterua
1041 2193 1119 2249 sicut
1143 2190 1262 2263 contigit

134 2294 241 2353 Herodi
265 2294 294 2352 et
316 2293 467 2352 Antiocho.
513 2292 625 2351 Grata
648 2294 812 2352 mercede
836 2295 862 2353 ·i·
887 2294 1006 2373 uicaria,
1032 2294 1101 2365 quia
1131 2292 1261 2365 illum‚a

133 2413 189 2470 quo
218 2399 347 2469 portatus
376 2396 483 2467 fuerat,
514 2397 659 2469 portabat.
698 2396 778 2456 Haec
804 2396 882 2455 dicta
904 2400 972 2455 sunt
994 2412 1046 2470 per
1068 2397 1259 2470 periphrasin.

135 2500 271 2558 Clauso
295 2498 322 2555 -i·
346 2499 455 2559 ultimo.
501 2497 643 2557 Puncta
664 2516 716 2572 pro
739 2500 885 2559 defuncta.
930 2498 1094 2559 hdultae
1119 2502 1148 2559 ·i·
1167 2514 1289 2558 encre-so

133 2608 190 2675 tae,
214 2604 282 2675 quia
304 2603 440 2663 duodenis
465 2604 537 2676 erat,
566 2602 653 2675 digna
676 2605 734 2661 iam
757 2605 896 2677 coniugio.
936 2603 1018 2676 Spem
1042 2603 1124 2675 dicit,
1149 2602 1216 2675 quia
1232 2603 1261 2659 iu

133 2704 184 2765 illa
207 2708 269 2764 erat
292 2722 360 2779 spes
384 2706 573 2778 posteritatis.
619 2708 761 2766 Funera
783 2708 809 2764 ·i·
836 2708 965 2766 cadauer.
1010 2707 1261 2765 Inundantem

134 2810 161 2867 .i·
195 2808 342 2882 profluum,
383 2809 496 2867 nomine
533 2825 696 2869 amorreusa
731 2809 755 2867 ·i·
789 2809 957 2882 sanguinem
995 2810 1142 2869 liuentem.
1194 2809 1262 2867 Eme

133 2929 235 2987 graem
268 2911 397 2984 sanguis,
432 2929 499 2971 reuo
530 2914 558 2972 ·i·
586 2914 684 2971 refluo.
729 2912 850 2970 Filum
880 2915 965 2972 uocat
998 2912 1139 2972 fimbriam
1172 2915 1261 2971 uesti-

133 3015 221 3073 menti
250 3014 369 3075 Christi.
406 3014 468 3073 llos
491 3018 555 3074 erat
577 3015 652 3087 apud
682 3013 786 3073 Iudeos
809 3017 841 3072 ut
871 3016 900 3072 in
930 3015 1008 3074 llll·
1038 3016 1157 3088 angulis
1180 3015 1291 3089 palliis

132 3116 182 3175 fila
196 3121 336 3191 ponerent
351 3118 487 3188 iacintiri,
510 3122 544 3176 ut
562 3135 612 3189 per
627 3119 697 3175 haec
713 3118 946 3176 discernerentur·
961 3136 979 3175 a
994 3119 1097 3177 ceteris
1114 3120 1261 3192 gentibus.

133 3219 327 3291 Lugentia.
361 3219 551 3294 Metonymice
568 3222 635 3278 sunt
650 3220 785 3292 lugentia.
824 3219 992 3278 Ohlmiua
1014 3223 1150 3279 moesti
1169 3222 1260 3281 teeti

134 3325 161 3382 .i·
185 3324 334 3382 deflentem
356 3325 478 3397 domum,
502 3326 531 3382 in
554 3341 611 3397 que
629 3326 712 3381 erant
735 3324 883 3396 deflentes,
907 3340 958 3397 per
980 3323 1010 3380 id
1032 3324 1108 3399 quod
1133 3325 1263 3385 continet

132 3430 162 3486 et
194 3425 222 3484 id
256 3427 330 3498 quod
358 3429 531 3486 continetur.
576 3427 744 3485 Moriens
773 3443 824 3500 pro
853 3430 973 3487 mortua.
1019 3425 1209 3500 Trepidue
1236 3426 1261 3484 ·i·

132 3531 245 3590 dubius.
283 3528 405 3588 Vlulane
428 3538 480 3589 ton
502 3547 601 3589 meson
630 3533 684 3588 eet.
723 3529 859 3588 Vlulatus
888 3530 993 3587 dicitur
1015 3532 1162 3589 exercitus
1184 3532 1291 3590 insere

132 3651 223 3707 quens
252 3633 282 3693 et
303 3632 444 3691 exercitus
473 3632 597 3706 fugiens.
642 3633 831 3691 Funereos
854 3632 880 3691 ·i·
907 3632 1001 3691 funeri
1032 3634 1119 3706 aptos
1143 3635 1170 3694 ·i·
1193 3635 1264 3693 tibia

133 3740 278 3796 sonantes.
315 3736 368 3796 Vis
390 3740 435 3794 est
456 3740 584 3796 musicae
606 3738 689 3806 artis,
715 3739 745 3793 ut
768 3736 924 3808 gaudentes
939 3736 1004 3808 plus
1025 3737 1155 3808 gaudere
1177 3738 1265 3799 faciat

133 3843 162 3898 et
196 3839 324 3898 dolentes
359 3841 423 3913 plus
458 3840 562 3900 dolere.
607 3839 774 3913 Plangor
802 3838 830 3897 ·i·
867 3839 971 3899 luctus.
1018 3839 1210 3914 Frequens
1239 3844 1264 3903 i·

132 3959 261 4015 magnus.
307 3941 455 4015 Vereis,
487 3943 584 4002 subest
607 3942 758 4002 cantilenis
782 3940 808 3998 ·i·
831 3941 879 4014 qni
906 3943 986 4015 prius
1008 3942 1204 4017 plorauerunt
1219 3962 1267 4020 per

183 4107 199 4159 2
226 4111 333 4176 epteton
360 4110 388 4161 A
507 4110 525 4163 4
550 4111 616 4176 sort.
644 4124 691 4162 nos
718 4108 831 4161 dicimus
957 4109 974 4161 6
1000 4108 1143 4165 asintheos
1169 4116 1200 4167 A

132 4192 146 4244 t
174 4194 303 4260 paraliein
330 4210 399 4248 corr.
428 4196 459 4248 in
487 4196 539 4248 -sis
565 4198 592 4248 A
731 4194 763 4247 13
790 4200 894 4247 tantam
921 4194 1142 4262 magnitudinem
1168 4203 1199 4253 A

132 4279 165 4331 14
183 4277 276 4331 thobie
293 4282 320 4332 A
423 4280 457 4333 ‘23
475 4288 546 4335 emat
563 4285 590 4334 A
693 4278 726 4333 27
745 4280 904 4333 metonomia
922 4282 948 4333 A
