2774 4830
527 308 677 379 Remigii
699 308 874 379 expositio.
925 292 928 297 ⁸
1200 308 1264 374 343

141 501 307 576 epexegesis
337 518 408 576 quae
438 500 481 575 lit,
514 504 629 576 quando
659 521 718 563 nna
746 520 793 562 res
815 503 883 562 aliis
912 501 1008 562 uerbis
1038 502 1084 561 bis
1115 501 1264 575 repetitur.

141 606 368 681 Sportarum.
392 604 496 677 Sporta
518 609 565 665 est
586 623 639 664 uas
662 623 696 664 ex
715 605 794 665 foliis
809 604 968 680 palmarum
984 606 1157 665 contextum.
1193 605 1296 664 Poe-v.
1310 618 1379 658 sao-

140 710 199 768 tice
228 709 302 768 dixit
330 710 480 782 expedisse
510 708 601 781 ipsam
623 707 738 782 samem,
760 723 883 767 messem
906 711 990 767 uocat
1013 707 1093 780 ipsas
1116 705 1264 780 reliquias.

139 812 316 873 Lichnus.
351 812 479 871 Lichnns
505 828 616 885 graece,
646 811 736 870 latine
768 811 892 871 lucerna.
939 809 1085 869 Clarum
1108 808 1265 868 communis

114 916 236 990 sfignra
263 918 320 991 est,
348 931 422 988 qnae
451 930 554 988 graece
584 914 687 973 dicitnr
714 909 831 975 κοινοῦ.
876 914 1050 988 Ignotos,
1080 912 1148 986 quia
1178 914 1266 972 antea

139 1037 189 1080 eos
220 1036 275 1079 non
304 1017 445 1077 uiderunt.
489 1017 578 1076 Alsa
598 1017 690 1092 prima
713 1017 812 1077 littera
834 1020 878 1076 est
901 1017 1082 1089 Graecorum,
1105 1037 1132 1076 ω
1152 1013 1264 1074 ultima.

138 1122 274 1182 Euechos
297 1121 368 1181 licei
389 1123 491 1196 postea
513 1120 562 1193 sit,
585 1137 643 1180 non
666 1125 712 1181 est
733 1120 834 1182 littera
852 1123 903 1181 sed
919 1122 1069 1181 character
1092 1119 1213 1192 numeri,
1237 1119 1267 1177 et

138 1245 191 1302 per
216 1226 289 1285 haec
313 1224 493 1298 significatur
523 1220 601 1283 ‘deus
630 1225 746 1284 initium
777 1228 806 1285 et
836 1221 923 1296 linis’,
952 1225 1026 1284 sicut
1052 1225 1115 1298 ipse
1146 1222 1215 1283 dicit
1237 1221 1268 1279 in

138 1329 322 1405 apocalypsi:
356 1328 418 1403 Ego
442 1346 506 1388 sum
535 1328 595 1387 alla
617 1331 646 1387 et
677 1348 714 1403 ω,
743 1330 853 1403 primns
882 1334 911 1388 et
932 1328 1119 1391 nouissimus.
1162 1326 1267 1386 Prin·

97 1434 275 1505 accipiam
304 1430 480 1505 intelligitur
509 1432 642 1491 Christus
670 1448 724 1507 per
751 1432 880 1506 Moysen,
910 1432 958 1505 qui
992 1434 1023 1492 in
1052 1430 1140 1491 tertia
1168 1428 1267 1490 mnndi

138 1536 237 1595 aetate
259 1534 326 1613 fuit,
349 1533 417 1594 finis
439 1551 490 1609 per
513 1533 637 1605 Heliam,
661 1536 709 1608 qni
734 1536 765 1594 in
788 1536 890 1610 quinta
911 1537 1007 1595 aetate
1028 1534 1086 1594 init
1107 1551 1195 1609 prope
1211 1536 1268 1592 iam

139 1640 264 1713 sextam,
287 1639 317 1698 et
348 1638 441 1697 adhuc
469 1637 544 1697 uiuit
573 1636 621 1697 uel
651 1639 728 1698 inter
751 1638 864 1697 Heliam
887 1642 915 1696 et
938 1638 1056 1713 licysen
1084 1639 1178 1712 sistit,
1201 1635 1269 1710 quia

139 1743 206 1817 ipse
234 1740 352 1801 initium
374 1743 403 1800 et
425 1738 492 1800 finis
515 1739 694 1815 prophetiae.
739 1740 883 1800 Limine
908 1741 1010 1801 uitas
1033 1742 1060 1799 ·i·
1083 1741 1111 1800 in
1136 1740 1268 1813 ingressu

138 1846 225 1921 quasi
255 1846 285 1904 in
314 1846 388 1905 ostio
416 1844 636 1904 resurrectionis
665 1846 757 1916 stans,
792 1845 860 1918 quia
893 1846 948 1903 iam
983 1844 1084 1903 ultima
1115 1842 1269 1901 aduenerat

94 1953 233 2021 rsaetas,
265 1950 293 2008 in
322 1965 379 2023 qua
400 1949 487 2008 electi
510 1951 692 2023 resurgentes
715 1948 751 2006 ad
775 1950 863 2007 uitam
886 1952 1032 2007 aeternam
1055 1949 1137 2005 erant
1159 1944 1267 2003 transi·

138 2053 209 2112 turi.
255 2051 435 2111 Deiectus
468 2050 619 2112 lumina.
655 2050 794 2124 Figurate
827 2050 933 2110 locutio
962 2051 988 2108 -i·
1016 2046 1126 2109 deiecta
1160 2046 1269 2107 lumina

138 2157 263 2226 habens,
293 2153 322 2212 in
353 2152 513 2212 deiectione
544 2153 689 2213 oculorum
711 2154 772 2213 eius
795 2152 945 2212 humilitas
969 2150 1143 2211 ostenditur.
1188 2148 1267 2207 'iri-

138 2260 269 2319 butum
293 2258 320 2316 ·i·
343 2255 470 2330 uectigal
489 2259 519 2314 et
534 2256 639 2315 dicitnr
661 2274 678 2315 a
701 2255 840 2316 uehendo.
874 2255 963 2315 Totus
985 2255 1108 2314 mundus
1131 2253 1269 2312 reddebat

138 2377 258 2420 censum
281 2359 396 2418 Caesari
415 2359 442 2416 ·i·
461 2359 496 2419 V.
521 2377 595 2419 anno
619 2377 704 2418 unum
727 2377 870 2419 nummum
894 2375 1021 2419 aureum.
1055 2358 1112 2417 Per
1133 2356 1206 2417 alios
1225 2355 1269 2413 ·V·

97 2480 230 2528 sonuum
259 2464 425 2536 argenteum
455 2466 485 2522 et
507 2480 558 2536 per
579 2462 653 2521 alios
674 2479 803 2533 aereum3
835 2467 879 2520 ter
902 2461 981 2535 quini
1004 2460 1072 2520 dlv·
1097 2462 1127 2519 et
1148 2459 1203 2519 hoc
1224 2462 1270 2518 est

140 2565 284 2626 indictum
305 2565 353 2626 uel
376 2566 505 2627 indictio.
547 2565 716 2626 Gerulum
738 2567 765 2624 ·i·
788 2565 966 2640 portitorem,
996 2565 1104 2640 piscem
1134 2563 1270 2623 uidelicet

140 2670 193 2744 qni
215 2669 343 2729 habebat
364 2670 395 2729 in
419 2686 467 2729 ore
491 2670 629 2729 staterem
651 2669 676 2727 ·i·
701 2670 755 2729 duo
779 2669 941 2743 dragmata.
976 2669 1104 2740 Dragma
1118 2670 1163 2726 est
1177 2682 1269 2740 genus

142 2774 263 2845 nummi,
286 2772 360 2846 quod
379 2773 517 2847 appendit
539 2771 581 2829 Χ·
605 2771 751 2843 denarios,
774 2772 843 2830 hinc
857 2772 963 2831 dicitur
978 2772 1059 2845 qnasi
1076 2769 1187 2829 decima
1201 2784 1270 2843 pars

141 2875 302 2949 dragmatis
330 2875 379 2950 sit,
409 2877 530 2950 dragma
557 2892 625 2935 uero
654 2875 741 2934 aliter
770 2877 815 2934 est
844 2874 1031 2935 duodenarii
1055 2877 1085 2933 et
1111 2872 1269 2933 dimidium.

99 3002 131 3045 ss
140 2978 225 3039 Idem
246 2980 292 3038 est
314 2980 343 3038 et
358 2980 460 3053 stater,
484 2980 634 3053 praeterea
648 2979 758 3037 statera
773 2976 877 3037 dicitur
892 2978 943 3037 nbi
958 2977 1066 3052 aliquid
1083 2975 1268 3052 ponderatur.

140 3082 239 3143 Aliter
260 3083 384 3158 dragma
406 3084 510 3142 dicitur
525 3099 638 3157 graece,
661 3082 751 3142 latins
767 3081 881 3153 tabula;
898 3081 965 3140 inde
981 3080 1190 3155 dragmaticum
1205 3094 1269 3137 car-

139 3202 208 3247 men
241 3186 346 3246 dicitnr
379 3185 549 3246 fabulosum.
594 3184 713 3245 Aulae
737 3185 763 3243 ·i·
786 3185 814 3244 in
845 3184 962 3244 aulai·
985 3183 1014 3243 in
1037 3183 1156 3258 palatio.
1193 3182 1271 3241 Aula

141 3289 224 3348 dicta
253 3289 298 3348 est
325 3289 361 3348 ab
389 3287 497 3347 aulaeis
519 3288 545 3345 ·i·
569 3289 697 3347 cortinis.
731 3286 785 3345 Est
812 3287 907 3346 autem
939 3286 1006 3346 aula
1031 3287 1131 3346 domus
1152 3284 1270 3360 regalis.

140 3389 223 3451 Non
246 3390 368 3463 annis,
392 3391 540 3465 quianon
564 3406 727 3464 possumus,
751 3390 827 3449 sicut
850 3390 997 3464 apostolus
1023 3386 1133 3449 'Estote
1155 3388 1268 3464 paruuli

96 3492 265 3567 somalitia,
289 3509 376 3553 sensu
399 3497 496 3553 antem
511 3488 651 3567 periecti’.
697 3491 770 3552 Nec
793 3493 972 3566 resupina
987 3495 1014 3552 ·i·
1036 3492 1171 3566 superba,
1187 3506 1269 3550 resu-

136 3596 227 3673 pinos
255 3594 378 3655 dicimns
410 3596 559 3675 superbos,
593 3596 643 3668 qui
674 3594 800 3669 resupini
829 3598 859 3653 et
888 3595 975 3654 erecti
1005 3594 1100 3653 solent
1128 3592 1268 3652 incedere.

246 3820 264 3875 8
285 3821 366 3890 Apoc.
387 3822 411 3883 l,
428 3822 446 3874 8
483 3860 486 3865 -
548 3821 582 3875 29
605 3822 619 3876 Ι
638 3821 697 3876 Cor.
718 3822 757 3887 14,
775 3820 810 3874 20

195 4020 340 4106 nepoti
357 4036 384 4089 A
486 4036 642 4090 ascesi
664 4036 691 4088 A
794 4034 992 4103 oapoarpss
1015 4036 1042 4087 A
1145 4014 1269 4087 11¹*slia

136 4124 171 4178 A
276 4120 309 4175 12
329 4120 395 4175 lecit
413 4120 461 4189 A¹,
490 4137 559 4175 corr.
578 4123 657 4174 stetit
673 4137 707 4174 or.
725 4124 745 4174 2
