2774 4830
207 317 270 383 324
476 264 482 277 ²
678 311 861 382 Appendix.

75 511 387 572 sse-10eeornioulete
408 512 455 570 est
470 510 500 569 in
516 510 668 569 oresoendo
686 511 716 568 et
738 508 936 568 decrescendo.
975 505 1039 579 Qui
1063 507 1210 568 stelles.
1241 506 1338 583 Hygi·

206 630 260 673 uue
282 616 313 673 ot
335 615 445 673 Aratus
466 612 605 685 astrologi
627 610 744 670 fuerunt
767 610 908 683 tingentes
930 626 961 669 se
976 611 1050 669 seire
1065 628 1216 670 numerum
1232 610 1338 671 stelle·

206 736 278 797 rum,
292 718 342 778 sed
354 716 467 776 mentiti
479 717 556 774 sunt.
580 712 684 774 Nullus
697 716 773 773 enim
786 713 839 773 hoo
851 713 908 772 soit
919 711 978 772 nisi
988 713 1069 773 deus.
1093 714 1206 774 Potes
1216 716 1337 783 tetes,

207 822 275 895 quin
304 822 441 894 quaedam
471 820 539 877 sunt
567 834 638 892 quoe
669 817 852 877 dominantur
881 816 981 889 colori,
1009 815 1084 875 eliae
1114 816 1227 890 frigori,
1264 818 1337 878 alise

207 924 436 999 tempestatibus.
474 922 632 981 Diuersa
653 922 690 980 in
713 938 874 996 torpore.
906 922 1015 995 Corpus
1034 921 1249 993 uoorruptioue
1266 921 1367 980 diei-s

207 1031 265 1099 tur,
288 1026 356 1100 quie
378 1025 435 1085 oito
458 1023 564 1083 resolui
586 1025 678 1097 possit
700 1026 730 1081 et
752 1023 805 1082 lroo
823 1023 885 1083 loeo
901 1039 1006 1097 eorpus
1024 1022 1156 1096 intellegi
1173 1022 1239 1082 uult
1255 1040 1335 1083 omne

207 1131 280 1203 quod
295 1130 321 1187 V
337 1127 468 1187 sensibus
483 1128 642 1201 percipitur
657 1126 702 1186 uel
717 1125 852 1200 quioquid
868 1128 969 1186 dextre
988 1128 1164 1200 procreetur.
1208 1127 1337 1202 Mysti-

209 1249 282 1291 eum
312 1230 413 1290 Greeoi
444 1229 544 1288 dieunt
575 1230 724 1301 secretum,
754 1230 830 1289 unde
861 1230 982 1305 mystica
1011 1230 1145 1289 dicuutur
1172 1234 1287 1290 secreta
1307 1232 1336 1289 et

208 1334 372 1409 mysterium
395 1334 482 1405 etque
506 1331 668 1406 symmistes
683 1331 709 1389 d·
725 1332 907 1391 secretarius.
937 1332 1042 1405 Aroe,
1064 1349 1131 1391 oron
1158 1333 1246 1409 diota,
1270 1332 1337 1407 quin

208 1454 280 1511 quae
303 1434 433 1495 eontinet
454 1433 537 1492 nobis
560 1449 664 1492 areana
686 1436 754 1493 sunt
776 1434 803 1492 ·i·
819 1436 942 1493 ooculte.
965 1435 1048 1495 Modo
1063 1435 1246 1509 allegorizet,
1263 1437 1368 1510 quodie

209 1538 354 1613 significet
383 1554 458 1598 eros.
503 1536 708 1597 Diluuium.
743 1536 833 1612 Siout,
864 1537 967 1616 inquit,
992 1536 1041 1597 ille
1063 1537 1161 1611 quiin
1176 1554 1246 1599 eros
1260 1538 1336 1599 sului

208 1643 323 1703 fuerunt
352 1640 541 1699 morientibus
571 1638 649 1711 eliis,
682 1641 723 1699 ita
751 1656 827 1699 nuuc
850 1658 901 1715 per
923 1641 1109 1714 baptismum,
1132 1642 1162 1700 in
1185 1659 1243 1716 quo
1265 1642 1336 1702 fides

208 1749 326 1807 senotne
341 1744 481 1804 trinitatis
498 1745 670 1816 continetur,
687 1744 839 1805 saluantur
850 1744 951 1805 fideles
967 1747 996 1805 et
1008 1747 1182 1804 damnentur
1195 1744 1336 1805 infideles.

208 1850 282 1909 Nem
305 1849 442 1908 diluuium
467 1846 614 1921 signifieat
636 1850 795 1922 peceatum,
818 1864 893 1921 equa
912 1846 1013 1906 diluuii
1029 1847 1213 1922 baptismum.
1260 1849 1337 1908 Cal-

209 1953 274 2025 lis,
301 1950 384 2012 sullis
406 1951 551 2010 dicituro
572 1951 645 2010 enllo
662 1951 687 2009 ·i·
704 1950 809 2010 noello
832 1968 976 2025 pecorum,
1000 1968 1056 2024 que
1078 1968 1182 2026 pecore
1202 1956 1337 2027 pergunt.
1346 1978 1368 2018 ις

209 2054 348 2116 Semita
371 2053 475 2113 dieitur
498 2054 582 2127 quasi
597 2052 683 2113 semis
698 2054 755 2113 uia.
779 2052 833 2112 Via
849 2054 953 2113 dieitur
968 2072 986 2112 a
1000 2054 1129 2114 ueheudo
1145 2056 1232 2128 qussi
1247 2055 1339 2115 uehere

209 2159 265 2232 uel,
290 2158 366 2217 sicut
383 2157 563 2230 Augustinus
586 2155 666 2228 dicit,
691 2155 740 2214 uio
761 2155 866 2215 dieitur
881 2173 898 2215 e
913 2158 944 2216 ui
967 2158 1079 2230 pedum,
1102 2174 1135 2217 eo
1157 2158 1234 2232 quod
1255 2159 1339 2234 pedi·

209 2263 263 2322 bus
284 2262 408 2320 teretur.
443 2259 515 2318 Sunt
530 2260 626 2317 eutem
648 2258 711 2317 IIII
733 2276 840 2332 genere
854 2259 965 2319 uierum
989 2260 1016 2318 ·i·
1037 2261 1127 2332 tellis,
1151 2261 1266 2341 semite,
1291 2261 1340 2321 uie

209 2368 238 2424 et
262 2366 354 2424 aetus,
388 2363 479 2421 Astus
502 2362 609 2421 dieitur
631 2363 679 2421 uis
701 2362 819 2436 publice
840 2363 895 2422 duo
918 2366 1055 2436 carpenta
1078 2364 1219 2438 resipiens
1240 2367 1269 2424 .i·
1284 2366 1339 2426 duo

209 2468 350 2542 plaustra,
380 2484 466 2526 unum
495 2468 621 2539 euntem,
655 2467 777 2525 alterum
806 2468 980 2528 redeuntem.
1025 2467 1190 2541 Hiemps:
1226 2469 1371 2543 hiempeeo

210 2572 314 2631 dieitur
336 2570 371 2628 ab
394 2569 576 2645 hemisperio,
601 2570 676 2643 quod
691 2573 737 2629 est
752 2569 871 2629 dimidia
885 2588 953 2644 pers
968 2588 1068 2644 sperae
1083 2570 1228 2634 caelestis.
1253 2571 1340 2631 Ver·

209 2691 300 2734 nere
322 2675 367 2734 est
388 2672 500 2744 florere,
529 2673 599 2732 hino
626 2672 744 2732 uernele
773 2674 885 2746 tempus
908 2689 942 2732 oo
965 2676 1039 2748 quod
1062 2677 1130 2733 tuno
1152 2673 1236 2735 floret
1258 2676 1340 2736 totus

210 2779 344 2838 muudus,
389 2777 588 2836 Potentem
615 2777 643 2835 ·i·
671 2777 809 2848 apertam,
836 2777 981 2849 petentem
1003 2776 1107 2836 siluam
1128 2780 1215 2837 notet
1237 2779 1340 2837 multi·

210 2881 337 2941 tudinem
359 2878 574 2939 miraculorum.
612 2878 674 2937 Sid
684 2896 701 2938 e
712 2896 752 2939 re
767 2896 784 2936 e
799 2877 1005 2939 considerando
1022 2879 1099 2939 dioto
1114 2878 1195 2940 uelut
1211 2899 1230 2940 n
1243 2882 1341 2941 sidero

210 2986 297 3046 uerbo
320 2984 347 3041 ·i·
371 2983 453 3052 mico,
477 2983 551 3055 quod
570 2981 716 3055 significat
731 2998 838 3055 moneo,
862 2983 931 3055 quie
945 2982 1030 3042 simul
1046 3000 1109 3042 eum
1124 2984 1203 3045 oeelo
1218 3002 1371 3050 menen-se

210 3092 268 3149 tm.
310 3086 444 3147 Pectus
478 3084 505 3142 ·i·
538 3084 711 3158 pulmonem,
749 3085 784 3145 de
817 3086 951 3160 pulmone
982 3086 1060 3147 enim
1092 3103 1146 3146 uou
1179 3088 1339 3162 egreditur.

211 3189 392 3259 Bibulus,
427 3187 543 3247 bibulus
577 3187 683 3248 dieitur
715 3188 839 3248 multum
872 3189 986 3251 bibens.
1025 3190 1093 3249 Post
1128 3190 1340 3253 inuooetionem

210 3308 289 3351 suem
312 3290 383 3350 fecit
405 3290 607 3350 narrationem.
652 3291 790 3365 Ohuoe,
813 3293 901 3352 theos
923 3292 1029 3352 dieitur
1051 3292 1249 3366 primordialis
1272 3311 1340 3355 oon·

211 3394 296 3454 fusio.
334 3394 537 3454 Viuuoibus
560 3395 585 3453 ·i·
608 3394 657 3455 diu
679 3396 855 3456 uiuentibus
893 3395 987 3456 Viusx
1016 3396 1121 3456 dicitur
1143 3396 1269 3458 multum
1291 3399 1342 3473 qui

210 3497 292 3567 uiuit,
322 3497 390 3556 hino
418 3497 559 3571 Virgilius
591 3493 752 3558 ‘uiuacis
780 3514 916 3558 cornua
943 3496 1064 3559 oerui’.
1108 3500 1286 3576 Abusque
1311 3506 1375 3569 etse

210 3602 338 3674 adusque
360 3616 412 3674 pro
436 3600 473 3659 ab
495 3601 525 3659 et
547 3599 584 3659 ed
598 3601 726 3674 ponitur.
770 3600 951 3673 Naturae,
973 3602 1041 3676 quie
1056 3601 1201 3663 humanae
1215 3607 1342 3666 neturee

211 3706 256 3762 est
277 3706 309 3763 ut
331 3702 471 3764 morietur
493 3703 577 3764 homo
592 3705 640 3763 uel
653 3707 720 3778 post
736 3703 773 3763 .c.
791 3721 892 3765 annos.
938 3705 1032 3766 Mors
1048 3708 1092 3764 est
1107 3704 1236 3779 priuatio
1253 3710 1342 3783 uitae,

211 3807 316 3866 dieitur
343 3807 438 3866 eutem
468 3823 544 3867 mors
573 3809 729 3868 seeundum
753 3807 948 3882 Augustinum
975 3826 992 3868 a
1021 3825 1118 3869 morsu
1143 3810 1231 3870 uetiti
1254 3812 1342 3886 pomi.

311 3988 347 4042 30
368 3987 425 4042 Eol.
442 3987 497 4044 VII
514 3988 549 4043 30

263 4158 401 4228 lYginns
418 4159 474 4214 AB
579 4158 798 4215 ronchonis
902 4162 933 4216 11
952 4162 1048 4231 inquid
1064 4162 1120 4217 AB
1227 4167 1266 4223 20
1282 4169 1348 4238 fort.

212 4246 526 4302 euntem—redeuntum
