2774 4830
127 278 191 345 356
599 280 783 351 Appendix.

127 474 154 532 .i·
176 473 362 548 baptismum,
397 474 529 533 christus
562 477 607 535 est
637 477 721 549 panis
749 476 825 536 sicut
852 477 924 549 ipss,
954 478 1016 552 Ego
1044 494 1121 549 sum,
1152 478 1257 553 inquit.

127 576 213 651 panis
246 578 339 638 uiuus.
384 578 508 651 Spiritus
542 581 660 638 sauctus
694 580 783 654 ignis,
817 579 887 653 quia
913 580 1038 655 Spiritus
1074 582 1196 641 sanetus
1229 582 1256 639 in

128 679 239 754 linguis
263 680 357 755 igneis
379 681 514 757 apparuit
536 681 687 757 discipulis
710 683 740 741 in
772 682 820 742 die
845 684 1040 755 pentecostes.
1076 682 1158 742 Hinc
1184 701 1256 757 aqua

1 782 325 856 us-ramptismatis.
370 782 504 857 Epulis
534 786 561 843 ·i·
588 786 624 844 ad
653 785 753 859 epulas
779 787 915 847 edendas.
960 785 1102 844 Modico
1125 794 1253 859 paratu

128 887 155 944 ·i·
177 903 267 960 parua
289 887 530 961 praeparatione;
554 905 654 961 parua,
681 906 739 949 uon
764 887 920 961 luxuriose,
945 890 1022 949 sicut
1045 888 1143 947 solent
1164 888 1282 948 laceres

127 1003 211 1061 reges
241 992 270 1047 et
297 990 450 1063 principes.
497 990 582 1049 ltitu
611 991 638 1048 ·i·
667 1010 700 1051 ex
727 1008 816 1065 more,
846 991 914 1066 quia
941 990 1054 1065 antiqui
1081 991 1253 1065 prandentes

127 1092 200 1151 toris
237 1092 465 1153 discumbebant.
526 1093 633 1155 'loris
667 1094 695 1151 ·i·
727 1096 839 1165 herbis,
878 1096 925 1153 ubi
948 1094 1156 1153 discubuerunt
1193 1112 1252 1153 eum

126 1196 275 1269 magistro.
310 1196 490 1270 Operatio
509 1198 535 1255 ·i·
553 1199 650 1270 Petro,
673 1214 761 1258 oues
777 1198 849 1258 dicit
863 1199 1083 1272 praedicatores.
1122 1198 1252 1257 Bothu-

126 1298 186 1358 uia
208 1298 360 1358 ciuitatula
382 1303 426 1357 est
453 1300 483 1357 iu
506 1301 601 1358 monte
623 1299 723 1359 olineti
753 1301 848 1374 posita
871 1303 900 1359 et
923 1302 1133 1374 iuterpretatur
1156 1300 1252 1359 domus

126 1400 291 1461 oboediens
336 1404 476 1462 Dextra
509 1402 658 1477 aequalem
688 1404 809 1478 gloriam
837 1403 990 1477 signifieat.
1029 1403 1169 1464 Dominus
1199 1420 1280 1461 nuno

126 1506 215 1565 habet
242 1505 371 1565 dextram
398 1524 430 1565 ·s·
459 1506 559 1565 dextra
591 1524 642 1581 pro
675 1507 852 1581 aequalitate
887 1510 916 1565 et
949 1509 1094 1580 potestate
1128 1508 1251 1582 ponitur.

126 1608 290 1668 Plurima
316 1610 568 1669 innumerabilium
597 1611 734 1669 bonorum
761 1609 897 1683 discipuli
918 1626 974 1669 uon
997 1610 1181 1684 scripserunt
1196 1627 1252 1669 om·

127 1712 185 1782 uia,
208 1728 280 1785 quae
302 1712 370 1771 lecit
392 1712 541 1787 Dominus,
565 1715 614 1772 sed
639 1716 749 1772 tautum
766 1714 952 1787 seripserunt,
969 1717 1112 1789 quantum
1128 1714 1253 1789 pertinet

127 1816 163 1875 ad
192 1816 362 1876 saluaudum
390 1833 483 1890 genus
514 1818 678 1888 humanum,
709 1818 778 1891 quia
804 1820 829 1876 si
858 1817 997 1888 lacerent,
1030 1834 1088 1877 nou
1113 1818 1252 1892 potuisset

125 1922 248 1980 muudus
282 1936 392 1993 capere.
438 1921 550 1981 Carta
592 1920 669 1980 dicte
702 1939 720 1980 a
748 1922 869 1980 Cartauo
905 1921 1017 1994 oppido,
1051 1921 1103 1979 ubi
1130 1921 1279 1995 primumn

125 2026 257 2096 repertus
279 2026 324 2084 est
347 2040 415 2083 usus
442 2025 596 2096 cartarum,
626 2024 702 2083 sicut
716 2027 932 2098 pergamentum
946 2040 965 2081 a
980 2024 1120 2096 Pergamo
1137 2022 1248 2099 oppido.

126 2126 230 2188 Certae
263 2132 333 2187 sunt
366 2128 556 2199 membranae,
580 2128 759 2187 membranae
781 2130 874 2187 autem
898 2132 966 2186 sunt
988 2126 1081 2201 pelles
1104 2128 1203 2188 ouium
1225 2138 1251 2185 et

125 2230 259 2290 dicuntur
288 2248 321 2290 eo
351 2232 424 2305 quod
449 2248 466 2288 a
487 2231 621 2291 membris
650 2232 745 2289 ouium
775 2234 926 2291 exuantur.
974 2229 1135 2305 Descriptis
1164 2230 1248 2289 miru-

125 2334 198 2392 uulis
234 2334 365 2392 hortatur
402 2339 485 2406 poeta
522 2352 618 2393 secum
655 2349 754 2393 omues
792 2350 890 2393 cauere
928 2331 1043 2393 Christo
1078 2336 1108 2391 et
1139 2337 1250 2409 gratias

124 2437 240 2498 referre.
1258 2449 1280 2489 rr

490 2656 548 2739 IN
584 2654 825 2739 HYlINth
858 2656 885 2737 l.

22 2896 42 2926 v.
56 2889 119 2927 1-1r
168 2868 346 2926 Honorem
363 2867 388 2924 i·
405 2866 536 2939 gloriam.
572 2866 814 2924 Ores-nostro.
853 2866 916 2925 Pio
941 2868 967 2925 ·i·
991 2865 1129 2940 glorioso.
1161 2868 1249 2927 Para·

125 2974 203 3031 ctera
225 2987 328 3043 graece
350 2970 538 3044 repercussio,
564 2970 629 3028 inde
652 2971 860 3042 paractericum
884 2985 1005 3040 carmen,
1029 2971 1136 3030 dicitur
1152 2988 1250 3047 reper-

123 3090 238 3133 cussum
261 3090 293 3133 eo
316 3075 390 3149 quod
413 3074 603 3149 repercutitur
626 3091 698 3133 uuus
719 3090 819 3132 uersus
837 3074 873 3133 ab
889 3073 988 3145 altero,
1005 3075 1059 3133 hoc
1074 3076 1122 3134 eet
1137 3075 1249 3134 initium

122 3178 207 3250 primi
238 3178 269 3235 lit
297 3179 428 3236 ultimum
460 3178 586 3237 secundi.
631 3178 742 3236 Vnius
764 3197 795 3239 s·
818 3180 907 3236 Adae.
952 3177 1001 3237 Ob
1031 3179 1202 3238 meritum
1224 3180 1278 3237 iu

123 3283 158 3340 cb
192 3297 319 3340 causam.
363 3282 523 3341 Minores
551 3280 577 3339 -i·
612 3281 729 3355 posteri.
783 3282 899 3341 Vnius
933 3282 959 3340 ·i·
989 3280 1109 3344 Christi.
1155 3282 1247 3353 Quae

122 3384 248 3460 patuit
269 3386 297 3444 ·i·
319 3385 375 3445 luit
397 3384 494 3461 ianua,
519 3385 587 3458 quia
609 3402 659 3458 per
681 3385 762 3444 illam
786 3403 862 3445 mors
886 3384 1015 3445 intrauit.
1043 3386 1150 3446 Iudam
1166 3386 1247 3445 uocat

121 3488 250 3564 iniquum
284 3489 411 3561 fratrem,
446 3490 516 3563 quia
549 3488 680 3547 Christus
713 3504 810 3547 omnes
845 3489 1002 3563 discipulos
1037 3505 1106 3549 suos
1141 3489 1247 3549 fratres

122 3592 261 3665 appellat.
306 3592 506 3651 Transitus
541 3593 568 3651 ·i·
595 3592 748 3651 translatio
782 3592 890 3653 Euoelr.
937 3592 1029 3662 uuio
1058 3594 1192 3653 emisit
1223 3592 1249 3650 ·i·

122 3695 235 3769 qualem
250 3695 343 3755 lucum
358 3696 492 3769 perdidit.
527 3697 663 3755 Parent
678 3696 704 3754 ·i·
720 3699 902 3771 praeparent.
927 3698 969 3756 lle
984 3698 1113 3758 transitu
1131 3698 1280 3765 Christis

122 3799 192 3872 quia
210 3801 239 3859 et
260 3816 313 3859 uos
336 3801 377 3859 ita
400 3800 582 3862 transiemus.
626 3802 772 3873 Aequor
794 3801 822 3858 i·
844 3800 993 3859 diluuium.
1037 3802 1169 3862 Archa
1191 3801 1250 3861 Noe

121 3918 155 3961 er
179 3900 267 3975 lignis
288 3902 426 3977 lenigatis
449 3903 506 3962 fuit
529 3904 555 3961 ·i·
574 3902 679 3962 dolatis
706 3905 736 3961 et
758 3920 814 3962 non
837 3902 940 3961 habuit
965 3918 1100 3976 maguum
1124 3907 1247 3979 pondus

225 4070 239 4121 1
264 4067 322 4122 Ich.
340 4069 383 4135 41,
401 4070 432 4123 51

173 4222 209 4275 20
226 4220 338 4277 auser
356 4227 422 4278 aaa
439 4226 470 4278 ia
482 4240 533 4294 mp.
552 4226 579 4278 A
662 4225 696 4281 24
714 4230 774 4283 usin
792 4232 834 4295 (iu
850 4245 938 4299 uturp.
956 4228 1038 4285 iuitiu
1058 4246 1094 4286 m.
1109 4235 1138 4297 2)
1160 4236 1188 4287 A
