2774 4830
417 321 568 377 Paschal.
588 320 706 393 Operis
727 324 797 379 Lib.
816 325 854 379 11.
1139 330 1204 397 219

67 510 195 576 calcata
217 512 351 577 surrexit
371 513 411 578 ab
434 512 551 593 inferis,
576 514 701 577 euectus
720 515 769 578 est
783 514 877 579 astris
892 517 924 579 et
938 516 1085 581 consueto
1102 516 1202 583 maie·

67 613 165 679 statie
187 614 320 697 imperio
343 613 488 681 Christus
510 616 550 681 ab
572 615 693 700 augelis
716 616 864 682 adoratur
885 617 919 683 in
942 619 1036 684 caelo.
1089 642 1104 675 ν

110 733 191 798 lirin
224 734 394 816 discipulos
428 755 465 801 ex
491 736 698 818 piscatoribus
727 740 876 819 quosdam
907 739 1033 805 sibimet
1066 739 1201 805 sociauit
1216 747 1253 810 lt

65 837 193 915 accitos,
223 838 376 905 humanas
405 839 551 923 deinceps
581 841 703 905 animas
731 842 913 924 piscaturos,
945 860 1024 925 quae
1046 842 1200 908 lubricam

39 941 222 1006 esectautes
239 942 348 1007 mundi
370 943 527 1008 laetitiam
549 947 710 1025 tamquam
733 946 876 1009 natantes
892 945 959 1009 uias
980 945 1070 1027 ponti
1084 944 1200 1011 fluctu·

65 1045 150 1109 antis
174 1044 310 1111 incertas
333 1064 387 1129 per
403 1047 605 1128 uoluptuoeos
620 1047 726 1129 lapsus
743 1050 830 1131 uagis
845 1047 990 1114 cursibus
1005 1051 1198 1130 erraberunt,

64 1146 208 1230 talesque
240 1148 323 1214 uitae
349 1147 532 1214 conciliauit
558 1151 711 1225 aeternae,
728 1168 804 1232 quos
828 1168 886 1215 uec
917 1167 1068 1232 generosa
1089 1168 1199 1232 prosa·

64 1251 131 1331 pies
153 1256 223 1316 ortu
246 1258 386 1316 terrenae
409 1250 584 1317 nobilitatis
607 1251 733 1317 inflaret
755 1271 812 1317 nec
834 1254 917 1317 nitor
932 1253 1072 1319 eruditae
1089 1252 1198 1319 iacun·

65 1353 137 1418 diae
164 1354 265 1435 gloria
294 1373 394 1421 uanae
421 1355 618 1438 garrulitatis
652 1356 824 1436 extolleret,
857 1355 912 1421 sed
946 1374 1021 1439 quos
1054 1358 1199 1423 sanctum

23 1486 54 1525 -ιο
65 1458 151 1522 uitae
173 1457 326 1539 simplicis
350 1458 532 1523 institutum
549 1459 686 1541 superba
701 1459 796 1524 nimis
819 1459 1000 1525 bumilitate
1016 1458 1198 1542 conspicuos

64 1560 153 1625 caelo
184 1559 301 1625 faceret
330 1560 395 1627 iam
421 1561 551 1627 uicinos.
598 1579 734 1644 namque
765 1564 848 1627 Deus
878 1563 1076 1644 omnipotens
1098 1562 1198 1627 stulta

64 1664 175 1729 mundi
191 1663 295 1744 potius
311 1662 409 1748 elegit
423 1666 455 1731 et
470 1665 605 1744 infirma,
623 1684 777 1731 rennuens
788 1685 868 1750 quae
879 1666 1035 1748 sapientia
1051 1665 1198 1731 uidentur

62 1772 97 1830 et
125 1766 229 1843 fortia,
263 1767 337 1849 quia
365 1768 449 1834 sicut
469 1768 581 1834 scribit
602 1769 720 1834 Paulus
741 1769 899 1851 spostolus
923 1770 1030 1834 doctor
1051 1768 1197 1853 egregius

63 1870 166 1952 quod
191 1871 363 1936 stultum
394 1876 456 1937 est
485 1872 573 1947 Dei,
599 1872 825 1954 sapientius
856 1874 913 1936 est
951 1870 1195 1948 homiuibus,

23 1976 106 2039 sset
127 1974 320 2040 inbecilla
342 1975 429 2058 Dei,
453 1974 599 2040 lortius
622 1979 685 2040 est
706 1974 940 2040 hominibus.
978 1978 1010 2037 et
1031 1973 1197 2039 confestim

61 2077 179 2142 iterum
211 2078 309 2143 dixit:
343 2097 441 2161 quae
475 2079 604 2144 stulta
636 2084 727 2143 sunt
757 2077 873 2143 huius
903 2077 1037 2141 mundi
1071 2074 1196 2161 elegit

61 2180 165 2245 Deus
201 2183 244 2246 ut
276 2182 502 2246 confundat
533 2179 760 2262 sapientes,
794 2184 832 2244 et
864 2178 1029 2245 infirma
1061 2176 1195 2243 mundi

59 2282 195 2367 elegit
221 2286 324 2350 Deus
353 2289 394 2348 ut
423 2283 643 2348 confundat
677 2283 818 2361 fortia,
854 2287 891 2347 et
924 2281 1124 2364 ignobilia
1158 2286 1196 2347 et

59 2386 391 2470 contemptibilia
427 2386 562 2451 mundi
600 2386 728 2468 elegit
763 2388 881 2467 Deua,
918 2387 957 2450 et
990 2403 1086 2468 quse
1123 2403 1195 2449 non

10 2491 158 2557 aosunt
185 2494 380 2572 tamquam
410 2491 636 2573 quaesunt,
667 2495 708 2554 ut
731 2506 894 2571 eaquae
919 2490 1013 2554 suut
1042 2486 1195 2553 destru-

57 2593 159 2657 eret.
196 2593 272 2676 quin
295 2594 392 2657 etiam
415 2594 549 2659 salutem
566 2594 700 2657 celerem
715 2592 890 2657 misericors
906 2594 1031 2673 cupiens
1046 2590 1193 2655 adhibere

165 2780 198 2832 14
215 2779 249 2833 ci.
267 2779 282 2833 1
300 2780 358 2833 Cor.
379 2780 401 2845 l,
420 2780 455 2833 25
562 2781 592 2834 16
611 2778 677 2834 ibid.
696 2780 794 2848 27seq.

63 2952 208 3035 ⁴lpcst
224 2949 317 3003 inieris
335 2966 390 3005 rae.
404 2954 421 3004 4
434 2950 485 3003 litt.
503 2950 537 3005 H
626 2950 789 3034 consectatio
807 2950 835 3003 P
923 2950 1082 3017 magestatis
1100 2950 1128 3003 P

54 3054 73 3107 2
100 3053 207 3122 imperii
225 3053 253 3106 Β
356 3054 373 3107 3
391 3070 427 3107 ua
444 3068 601 3108 macaron
620 3067 826 3108 aeosroaonvns
842 3052 923 3107 RHo
939 3052 1124 3121 (piscatorum)

53 3155 154 3208 exinde
180 3155 214 3210 Η
238 3155 306 3210 Por.
335 3155 408 3210 Gaii.
519 3156 537 3209 4
564 3157 663 3210 accitae
689 3157 733 3220 H,
768 3148 862 3211 cccibct
890 3156 917 3209 Β
1024 3156 1071 3225 qui
1099 3156 1126 3210 P

56 3240 150 3295 lubrit
177 3242 212 3295 H
320 3243 337 3295 5
364 3242 478 3296 sectanti
504 3242 532 3296 P
634 3245 759 3296 nemetes
786 3242 847 3297 PH
948 3242 1005 3297 uias
1031 3242 1193 3297 fluctuantes
1271 3228 1280 3245 '

58 3328 91 3380 H
195 3332 276 3396 ponte
303 3329 331 3382 P
431 3329 448 3382 6
474 3329 529 3399 per]
556 3344 645 3397 cupra
667 3330 685 3382 l.
708 3331 781 3383 oct
803 3330 831 3383 P
930 3329 945 3381 7
970 3329 1130 3383 coucseiauit
1154 3329 1193 3393 Η,

53 3412 190 3468 conticuit
217 3414 236 3467 1
350 3430 489 3482 generosae
515 3413 551 3469 Η
667 3430 809 3484 generosae
836 3415 973 3484 prosapiae
999 3414 1079 3479 Pan,
1115 3430 1193 3483 gene·

56 3516 273 3585 rosuproeapis
304 3516 463 3572 001.0au.
571 3500 723 3572 cirtense
748 3518 781 3571 H
881 3518 1046 3571 uecsnitsore
1072 3516 1192 3571 ruditate

55 3636 86 3691 P
185 3637 327 3691 facundiae
345 3637 373 3691 P
472 3638 616 3708 9gloriae
635 3639 669 3693 H
769 3638 963 3693 110201021’
1062 3604 1191 3692 iam'binos

54 3741 97 3809 (ui
117 3744 222 3809 cou2)
241 3742 268 3796 P
372 3741 732 3811 tornamentorum,
764 3742 964 3797 intinnaPHo
1066 3728 1098 3811 ᾧ
1116 3740 1150 3794 H
1163 3744 1189 3807 (⁸

53 3844 75 3879 (ι
94 3842 129 3879 m.
148 3830 179 3895 Β)
284 3828 317 3882 13
335 3828 445 3898 scripsit
462 3829 507 3893 H,
536 3845 622 3883 om.o
719 3829 826 3899 egreius
844 3828 872 3883 B
975 3830 1009 3883 15
1025 3827 1190 3882 inbecille-

53 3918 84 3965 et
110 3928 159 3966 cm.
185 3912 212 3965 Β
317 3914 367 3983 eat]
391 3930 413 3967 e.
431 3914 448 3968 1.
467 3918 539 3969 Μ
562 3914 590 3968 P
692 3914 726 3967 16
748 3915 845 3984 stulta]
869 3915 964 3969 sexi
985 3914 1023 3968 P¹
1126 3920 1192 3967 aunt

51 3997 188 4053 stultae
292 4000 414 4054 stultitia
440 4000 468 4053 Β
572 3999 652 4053 buius
680 4015 729 4053 om.
759 4000 786 4055 P
889 4000 921 4053 li
948 3999 1191 4068 sapientes-con·

52 4083 155 4138 fundat
173 4100 222 4139 om.
247 4084 275 4139 B
379 4086 411 4139 18
433 4084 566 4154 ignobilia
588 4085 683 4139 muudi
701 4101 722 4139 a
740 4102 762 4139 c.
787 4085 866 4139 HBo
972 4082 1004 4139 19
1027 4083 1120 4138 muudi
1138 4099 1190 4137 orn.

52 4170 84 4226 P
188 4170 224 4226 20
241 4174 378 4241 umquem
397 4187 449 4224 uon
468 4170 556 4225 sintc
654 4171 775 4226 destruet
791 4172 826 4225 H
919 4170 953 4225 21
972 4175 1057 4239 caput
1073 4186 1126 4239 seg.
1145 4172 1189 4225 io-

46 4258 121 4327 ‹n'pit
139 4272 201 4312 cunr
218 4257 399 4325 incriptione
417 4258 555 4327 Expositio
573 4258 701 4313 orationis
719 4258 866 4313 dominicae
883 4259 914 4311 in
935 4273 950 4311 o
