2774 4830
124 340 186 407 338
593 337 779 408 Appendir.

125 532 233 607 legitur
258 528 307 591 ‘ita
330 531 405 590 oculi
427 531 520 591 nostri
543 532 580 590 ad
602 532 748 592 domiuum
771 531 855 589 deum
870 532 1009 601 nostrum,
1027 530 1121 589 donec
1136 530 1253 590 misem-

1 633 193 699 ¹are-eo'oatur
223 630 324 697 nostri·
349 634 376 693 ·i·
399 651 519 708 semper.
565 636 714 695 Breuem
745 633 772 693 ·i·
805 635 964 697 minimum.
1008 632 1132 693 Amen.
1176 632 1254 694 Haeo

123 738 268 814 particula
300 737 416 813 signum
450 740 480 796 ot
507 740 647 812 quoddam
676 737 805 812 sigillum
832 742 879 797 eat
906 736 1067 798 dominicae
1100 737 1251 817 orationis,

124 858 178 917 quo
201 841 405 901 confirmantur
427 841 531 913 omnia,
554 858 626 916 quae
649 858 738 916 supra
760 842 940 901 dictasunt.
984 840 1120 900 italum
1150 841 1179 899 ·i·
1195 840 1253 901 dia·

124 945 229 1005 bolum.
274 944 411 1004 Bonum
433 946 458 1004 ·i·
484 944 638 1017 Christum,
667 944 750 1005 deum
782 945 894 1004 adimus
917 961 976 1004 uon
997 961 1104 1019 310111
1126 944 1280 1020 corporise

124 1049 176 1109 sed
199 1048 358 1108 intentione
379 1048 494 1120 mentis,
519 1049 571 1107 deo
595 1049 671 1107 enim
692 1064 748 1108 nou
764 1049 826 1108 loco
842 1047 892 1108 sed
907 1050 1004 1108 ments
1018 1048 1253 1123 approximamus

124 1152 175 1210 aut
189 1150 366 1224 elongamus.
411 1149 523 1209 Ducit
539 1150 566 1209 ·i·
583 1151 694 1224 dirigit.
729 1152 838 1210 Versus
860 1154 890 1210 et
905 1150 1121 1211 hemistichium
1137 1150 1253 1225 Virgilii

95 1316 100 1325 ,
125 1256 168 1312 001
190 1253 217 1312 ·i·
240 1270 313 1313 uuus
335 1256 365 1314 et
380 1252 514 1314 dimidius
530 1270 639 1314 uersus.
677 1254 723 1313 nt
745 1254 837 1314 bona
851 1253 1031 1326 libertae,
1047 1254 1118 1328 quia
1132 1257 1254 1329 possunt

125 1357 247 1417 euadere
280 1356 306 1415 ·i·
340 1356 473 1431 effugere.
517 1357 586 1416 Per
620 1374 758 1430 pascua
792 1358 818 1416 -i·
842 1375 894 1432 per
922 1356 1088 1417 mansiones
1119 1356 1253 1418 satiastis

125 1457 315 1531 Hierusalem,
350 1459 954 1532 1100110110(1110010111111011110110.
1260 1482 1281 1522 11

478 1797 540 1880 IN
574 1797 798 1881 LIBRVM
832 1796 896 1879 HI.

17 2018 38 2047 v.
55 2010 116 2049 1-11
168 1989 360 2049 'lhalamis
383 2006 434 2064 pro
458 1990 583 2064 nuptiis:
614 1990 742 2051 thalamo
764 2006 867 2065 praem
890 1990 1037 2064 uoluptas,
1068 1991 1137 2051 inde
1160 1992 1252 2052 thala·

125 2111 187 2153 mus
210 2094 324 2167 dicitur,
349 2094 397 2154 ubi
420 2093 553 2169 uoluptas
576 2095 732 2169 perficitur.
773 2096 813 2154 In
840 2094 972 2170 ydriis
1007 2094 1104 2153 Lacus
1124 2096 1253 2171 appellat

124 2196 241 2271 hydrias
257 2199 286 2255 et
302 2197 436 2256 dicuutur
451 2214 468 2255 a
483 2198 607 2267 latendo,
631 2199 698 2272 quia
717 2197 758 2257 ibi
780 2198 910 2256 latebant
924 2214 1032 2272 aquaa;
1054 2198 1128 2273 ydor
1155 2214 1254 2274 mauce

124 2317 217 2374 aqua,
261 2302 326 2360 inde
368 2300 468 2375 ydriae
508 2299 641 2383 dicuntur
686 2318 755 2360 nasa
798 2300 924 2374 receptui
966 2318 1106 2374 aquarum
1144 2305 1282 2375 paratam

126 2402 267 2462 Gaudia
282 2403 309 2460 .i·
324 2402 460 2474 fantasia,
477 2404 644 2477 imaginatio
660 2404 799 2477 quaedam
814 2406 915 2477 poetae
930 2405 984 2475 est,
1001 2404 1138 2476 quoniam
1154 2408 1252 2465 insen·

125 2504 205 2564 sibili
227 2506 269 2564 rei
291 2506 341 2563 dat
356 2522 470 2565 sensum
487 2507 513 2564 ·i·
530 2509 562 2564 ut
578 2506 741 2566 desinerent
767 2524 828 2565 esse
850 2507 924 2580 quod
942 2506 1025 2581 [101]
1043 2508 1137 2580 eraut,
1163 2510 1194 2569 et
1208 2508 1253 2567 iu·

125 2608 257 2682 cipersnt
271 2623 335 2667 esse
350 2611 423 2682 quod
440 2625 496 2668 non
513 2614 604 2671 erant.
649 2609 877 2670 Inocciduas
900 2627 988 2669 uuas
1012 2609 1037 2667 ·i·
1056 2610 1252 2671 indeficientes

125 2708 234 2782 fideles,
250 2727 395 2784 uunquam
410 2713 562 2785 perituros.
590 2713 744 2786 Pampinus
760 2716 806 2772 est
821 2712 919 2772 folium
935 2712 1016 2783 uitis,
1032 2714 1109 2786 quod
1126 2730 1145 2772 a
1160 2714 1254 2775 calore

125 2811 194 2873 solis
209 2815 240 2872 et
252 2813 358 2874 iniuria
372 2813 504 2872 imbrium
520 2815 649 2887 protegit
661 2831 796 2875 racemos.
820 2815 868 2874 lta
884 2814 981 2873 diuina
995 2816 1136 2888 protectio
1152 2816 1252 2877 fideles
1261 2837 1284 2878 10

125 2918 242 2976 sauctae
257 2917 404 2994 ecclesiae,
421 2934 456 2975 ne
471 2917 614 2989 deficiant,
630 2912 702 2999 (ab)
713 2918 934 2977 aduersantibus
949 2918 1033 2978 huius
1050 2918 1144 2979 seculi
1156 2925 1253 2996 prote·

126 3019 170 3093 git
185 3021 214 3077 et
229 3019 331 3078 munit.
354 3020 441 3080 Post
456 3019 482 3077 ·i·
499 3021 607 3093 postea,
630 3021 781 3094 postquam
799 3019 831 3078 in
852 3021 950 3081 uinum
971 3024 1116 3083 conuertit
1139 3042 1253 3100 aquam.

126 3122 266 3182 Febris.
303 3122 404 3182 Febris
428 3122 533 3182 dicitur
556 3141 574 3181 a
596 3124 742 3196 fernando,
767 3126 795 3182 et
817 3122 887 3183 lieet
908 3141 926 3182 a
944 3122 1037 3184 calore
1053 3127 1168 3186 dicatur
1181 3146 1254 3189 uon-

126 3243 269 3298 1110111
304 3225 411 3299 frigida
438 3229 491 3300 est,
521 3229 550 3285 et
580 3226 609 3284 in
638 3226 737 3285 diuina
768 3225 911 3299 scriptura
939 3244 1036 3287 omues
1065 3229 1253 3291 infirmitates

126 3328 216 3388 febris
238 3329 373 3387 dicuntur
395 3327 517 3387 nomine.
548 3329 730 3400 Quantum
752 3330 915 3404 imperii,
938 3330 1067 3392 uirtutis.
1091 3333 1284 3394 Admiratione

126 3434 186 3507 est3
210 3434 347 3506 qnantum
369 3431 447 3491 illius
470 3432 512 3491 101
535 3432 665 3504 dicimus,
689 3435 721 3491 ut
743 3436 881 3507 quantum
896 3434 966 3509 uiui,
989 3437 1130 3508 quantum
1153 3454 1252 3513 aquae.

126 3534 221 3595 Rura
254 3534 282 3592 ·i·
317 3533 415 3593 uillas.
461 3532 579 3594 Casas
612 3538 639 3595 ·i·
673 3535 770 3595 domos
804 3536 976 3612 pastorales.
1028 3538 1253 3614 Castellum,

126 3637 326 3698 diminutiuum
364 3654 382 3694 a
418 3639 533 3698 castris.
584 3639 750 3700 Candore
787 3640 897 3699 miser
934 3658 965 3701 ·s·
1001 3641 1052 3701 alii
1087 3644 1254 3716 gaudebunt

127 3744 244 3816 propter
277 3757 360 3801 snum
393 3744 554 3814 candorem,
588 3743 645 3803 iste
679 3743 913 3816 contristabatur,
947 3744 1014 3818 quia
1041 3743 1124 3819 lepra
1146 3748 1256 3821 gaudet

128 3844 157 3902 in
190 3860 316 3917 corpore.
361 3843 454 3919 Lepre
490 3862 593 3919 graece
631 3847 766 3919 uarietas,
805 3846 870 3906 inde
903 3847 1032 3923 leprosus
1064 3848 1174 3911 dicitur
1207 3854 1286 3928 quise

127 3947 215 4007 uariis
237 3946 382 4007 coloribus
405 3949 579 4010 maculosum
602 3967 705 4024 corpus
727 3951 826 4011 habet.
862 3951 1025 4024 Quaeritur,
1048 3967 1101 4012 cur
1124 3954 1256 4029 leprosus

127 4051 157 4109 in
172 4050 219 4108 uia
241 4051 365 4110 occurrit
387 4051 516 4132 domino;
538 4053 607 4127 quia
628 4052 675 4111 lsr
697 4053 905 4129 praecipiebat,
928 4056 961 4113 ut
976 4053 1068 4114 omnis
1083 4054 1257 4132 laproensa

127 4154 267 4214 consortio
290 4157 447 4215 communis
468 4155 656 4215 habitationis
673 4159 831 4229 separetur.
875 4157 1008 4219 Febris
1023 4158 1049 4217 ·i·
1066 4158 1172 4235 lebria,
1189 4163 1259 4225 licet

128 4273 145 4313 a
174 4255 285 4316 feruore
314 4258 436 4330 dicatur,
465 4258 619 4333 aliquando
648 4262 745 4319 tamen
778 4260 886 4334 frigore
914 4277 1017 4336 corpus
1047 4263 1172 4327 cruciat.
1221 4270 1260 4328 In
