<?xml version="1.0" encoding="UTF-8"?>
<!DOCTYPE html PUBLIC "-//W3C//DTD XHTML 1.0 Transitional//EN"
    "http://www.w3.org/TR/xhtml1/DTD/xhtml1-transitional.dtd">
<html xmlns="http://www.w3.org/1999/xhtml" xml:lang="en" lang="en">
 <head>
  <title>
</title>
<meta http-equiv="Content-Type" content="text/html;charset=utf-8" />
  <meta name='ocr-system' content='tesseract 3.04.00' />
  <meta name='ocr-capabilities' content='ocr_page ocr_carea ocr_par ocr_line ocrx_word'/>
</head>
<body>
  <div class='ocr_page' id='page_1' title='image "./sedvliioperaomn01remigoog_0365.png"; bbox 0 0 2774 4830; ppageno 0'>
   <div class='ocr_carea' id='block_1_1' title="bbox 408 310 1187 399">
    <p class='ocr_par' dir='ltr' id='par_1_1' title="bbox 408 310 1187 399">
     <span class='ocr_line' id='line_1_1' title="bbox 408 310 1187 399; baseline -0.006 -15"><span class='ocrx_word' id='word_1_1' title='bbox 408 328 562 386; x_wconf 73' lang='lat' dir='ltr'><strong>enecent.</strong></span> <span class='ocrx_word' id='word_1_2' title='bbox 580 328 702 399; x_wconf 81' lang='lat' dir='ltr'><strong>operis</strong></span> <span class='ocrx_word' id='word_1_3' title='bbox 721 326 791 384; x_wconf 83' lang='lat' dir='ltr'><strong>ure.</strong></span> <span class='ocrx_word' id='word_1_4' title='bbox 808 310 841 384; x_wconf 83' lang='grc' dir='ltr'><strong>ἰ.</strong></span> <span class='ocrx_word' id='word_1_5' title='bbox 1125 326 1187 395; x_wconf 81' lang='lat'><strong>301</strong></span> 
     </span>
    </p>
   </div>
   <div class='ocr_carea' id='block_1_2' title="bbox 54 514 1190 915">
    <p class='ocr_par' dir='ltr' id='par_1_2' title="bbox 54 514 1190 915">
     <span class='ocr_line' id='line_1_2' title="bbox 56 514 1190 605; baseline -0.005 -16"><span class='ocrx_word' id='word_1_6' title='bbox 56 522 109 589; x_wconf 86' lang='lat' dir='ltr'><strong>sui</strong></span> <span class='ocrx_word' id='word_1_7' title='bbox 139 520 307 588; x_wconf 90' lang='lat' dir='ltr'><strong>diuinitate</strong></span> <span class='ocrx_word' id='word_1_8' title='bbox 329 520 476 605; x_wconf 78' lang='lat' dir='ltr'><strong>perfudit</strong></span> <span class='ocrx_word' id='word_1_9' title='bbox 513 523 590 586; x_wconf 89' lang='lat' dir='ltr'><strong>tunc</strong></span> <span class='ocrx_word' id='word_1_10' title='bbox 619 519 659 585; x_wconf 89' lang='lat' dir='ltr'><strong>ad</strong></span> <span class='ocrx_word' id='word_1_11' title='bbox 681 517 789 603; x_wconf 86' lang='lat' dir='ltr'><strong>epulno</strong></span> <span class='ocrx_word' id='word_1_12' title='bbox 809 535 861 584; x_wconf 89' lang='lat' dir='ltr'><strong>eos</strong></span> <span class='ocrx_word' id='word_1_13' title='bbox 883 518 1048 584; x_wconf 84' lang='lat' dir='ltr'><strong>sumendas</strong></span> <span class='ocrx_word' id='word_1_14' title='bbox 1069 514 1190 583; x_wconf 86' lang='lat' dir='ltr'><strong>inuitat</strong></span> 
     </span>
     <span class='ocr_line' id='line_1_3' title="bbox 54 619 1189 711; baseline -0.006 -20"><span class='ocrx_word' id='word_1_15' title='bbox 54 626 183 711; x_wconf 84' lang='lat' dir='ltr'><strong>placide</strong></span> <span class='ocrx_word' id='word_1_16' title='bbox 205 625 390 691; x_wconf 80' lang='lat' dir='ltr'><strong>solemnium</strong></span> <span class='ocrx_word' id='word_1_17' title='bbox 412 623 630 708; x_wconf 72' lang='lat' dir='ltr'>praeceptione</span> <span class='ocrx_word' id='word_1_18' title='bbox 652 621 831 707; x_wconf 89' lang='lat' dir='ltr'><strong>uerborum,</strong></span> <span class='ocrx_word' id='word_1_19' title='bbox 848 623 903 705; x_wconf 89' lang='lat' dir='ltr'><strong>qui</strong></span> <span class='ocrx_word' id='word_1_20' title='bbox 917 639 1042 688; x_wconf 88' lang='lat' dir='ltr'><strong>mensae</strong></span> <span class='ocrx_word' id='word_1_21' title='bbox 1056 619 1189 687; x_wconf 83' lang='lat' dir='ltr'><strong>Domini</strong></span> 
     </span>
     <span class='ocr_line' id='line_1_4' title="bbox 55 724 1189 814; baseline -0.005 -19"><span class='ocrx_word' id='word_1_22' title='bbox 55 747 130 795; x_wconf 86' lang='lat' dir='ltr'><strong>mox</strong></span> <span class='ocrx_word' id='word_1_23' title='bbox 151 729 313 794; x_wconf 89' lang='lat' dir='ltr'><strong>unanimes</strong></span> <span class='ocrx_word' id='word_1_24' title='bbox 336 728 515 814; x_wconf 86' lang='lat' dir='ltr'><strong>congregati</strong></span> <span class='ocrx_word' id='word_1_25' title='bbox 536 728 621 795; x_wconf 86' lang='lat' dir='ltr'><strong>cibos</strong></span> <span class='ocrx_word' id='word_1_26' title='bbox 643 730 768 793; x_wconf 86' lang='lat' dir='ltr'><strong>sauctae</strong></span> <span class='ocrx_word' id='word_1_27' title='bbox 794 725 1016 791; x_wconf 76' lang='lat' dir='ltr'><strong>benedictionis</strong></span> <span class='ocrx_word' id='word_1_28' title='bbox 1031 724 1189 808; x_wconf 89' lang='lat' dir='ltr'><strong>accipiunt</strong></span> 
     </span>
     <span class='ocr_line' id='line_1_5' title="bbox 57 829 867 915; baseline -0.004 -17"><span class='ocrx_word' id='word_1_29' title='bbox 57 833 93 898; x_wconf 92' lang='lat' dir='ltr'><strong>et</strong></span> <span class='ocrx_word' id='word_1_30' title='bbox 115 829 277 897; x_wconf 81' lang='lat' dir='ltr'><strong>Christum</strong></span> <span class='ocrx_word' id='word_1_31' title='bbox 298 831 394 915; x_wconf 89' lang='lat' dir='ltr'><strong>plena</strong></span> <span class='ocrx_word' id='word_1_32' title='bbox 414 830 488 897; x_wconf 88' lang='lat' dir='ltr'><strong>fidei</strong></span> <span class='ocrx_word' id='word_1_33' title='bbox 511 831 645 897; x_wconf 88' lang='lat' dir='ltr'><strong>ueritate</strong></span> <span class='ocrx_word' id='word_1_34' title='bbox 668 832 867 914; x_wconf 86' lang='lat' dir='ltr'><strong>cognoscunt.</strong></span> 
     </span>
    </p>
   </div>
   <div class='ocr_carea' id='block_1_3' title="bbox 19 945 1317 2584">
    <p class='ocr_par' dir='ltr' id='par_1_3' title="bbox 32 945 1317 1448">
     <span class='ocr_line' id='line_1_6' title="bbox 32 945 1245 1033; baseline -0.007 -14"><span class='ocrx_word' id='word_1_35' title='bbox 32 978 49 1019; x_wconf 77' lang='lat' dir='ltr'><strong>s</strong></span> <span class='ocrx_word' id='word_1_36' title='bbox 101 949 181 1019; x_wconf 84' lang='lat' dir='ltr'><strong>ilum</strong></span> <span class='ocrx_word' id='word_1_37' title='bbox 202 970 278 1018; x_wconf 85' lang='lat' dir='ltr'><strong>uero</strong></span> <span class='ocrx_word' id='word_1_38' title='bbox 298 950 430 1017; x_wconf 89' lang='lat' dir='ltr'><strong>modicis</strong></span> <span class='ocrx_word' id='word_1_39' title='bbox 451 951 653 1017; x_wconf 78' lang='lat' dir='ltr'><strong>surrexissent</strong></span> <span class='ocrx_word' id='word_1_40' title='bbox 674 949 806 1033; x_wconf 76' lang='lat' dir='ltr'><strong>dapibus</strong></span> <span class='ocrx_word' id='word_1_41' title='bbox 829 950 1038 1033; x_wconf 86' lang='lat' dir='ltr'><strong>competenter</strong></span> <span class='ocrx_word' id='word_1_42' title='bbox 1051 947 1187 1031; x_wconf 91' lang='lat' dir='ltr'><strong>impleti,</strong></span> <span class='ocrx_word' id='word_1_43' title='bbox 1198 945 1245 1009; x_wconf 68' lang='lat'><strong>2⁶</strong></span> 
     </span>
     <span class='ocr_line' id='line_1_7' title="bbox 57 1051 1188 1136; baseline -0.004 -15"><span class='ocrx_word' id='word_1_44' title='bbox 57 1056 190 1122; x_wconf 90' lang='lat' dir='ltr'><strong>Petrum</strong></span> <span class='ocrx_word' id='word_1_45' title='bbox 219 1054 382 1134; x_wconf 85' lang='lat' dir='ltr'><strong>Dominus,</strong></span> <span class='ocrx_word' id='word_1_46' title='bbox 411 1071 451 1118; x_wconf 94' lang='lat' dir='ltr'><strong>au</strong></span> <span class='ocrx_word' id='word_1_47' title='bbox 481 1072 552 1119; x_wconf 92' lang='lat' dir='ltr'><strong>eum</strong></span> <span class='ocrx_word' id='word_1_48' title='bbox 575 1053 698 1136; x_wconf 87' lang='lat' dir='ltr'><strong>diligat,</strong></span> <span class='ocrx_word' id='word_1_49' title='bbox 721 1053 890 1118; x_wconf 90' lang='lat' dir='ltr'><strong>clementer</strong></span> <span class='ocrx_word' id='word_1_50' title='bbox 919 1052 1101 1135; x_wconf 88' lang='lat' dir='ltr'><strong>interrogat.</strong></span> <span class='ocrx_word' id='word_1_51' title='bbox 1138 1051 1188 1117; x_wconf 89' lang='lat' dir='ltr'><strong>cui</strong></span> 
     </span>
     <span class='ocr_line' id='line_1_8' title="bbox 58 1156 1317 1243; baseline -0.005 -20"><span class='ocrx_word' id='word_1_52' title='bbox 58 1159 202 1243; x_wconf 90' lang='lat' dir='ltr'><strong>protinus</strong></span> <span class='ocrx_word' id='word_1_53' title='bbox 223 1158 373 1223; x_wconf 83' lang='lat' dir='ltr'><strong>annuenti</strong></span> <span class='ocrx_word' id='word_1_54' title='bbox 396 1156 523 1240; x_wconf 90' lang='lat' dir='ltr'><strong>cupiens</strong></span> <span class='ocrx_word' id='word_1_55' title='bbox 553 1173 663 1240; x_wconf 83' lang='lat' dir='ltr'><strong>greges</strong></span> <span class='ocrx_word' id='word_1_56' title='bbox 689 1157 797 1238; x_wconf 89' lang='lat' dir='ltr'><strong>utpote</strong></span> <span class='ocrx_word' id='word_1_57' title='bbox 820 1157 916 1222; x_wconf 89' lang='lat' dir='ltr'><strong>bonus</strong></span> <span class='ocrx_word' id='word_1_58' title='bbox 939 1159 1043 1238; x_wconf 90' lang='lat' dir='ltr'><strong>pastor</strong></span> <span class='ocrx_word' id='word_1_59' title='bbox 1065 1172 1188 1238; x_wconf 86' lang='lat' dir='ltr'><strong>augere,</strong></span> <span class='ocrx_word' id='word_1_60' title='bbox 1312 1200 1317 1211; x_wconf 92' lang='lat'><em>.</em></span> 
     </span>
     <span class='ocr_line' id='line_1_9' title="bbox 57 1258 1189 1344; baseline -0.005 -17"><span class='ocrx_word' id='word_1_61' title='bbox 57 1266 223 1344; x_wconf 77' lang='lat' dir='ltr'><strong>tamquam</strong></span> <span class='ocrx_word' id='word_1_62' title='bbox 256 1260 439 1326; x_wconf 85' lang='lat' dir='ltr'><strong>fidelissimo</strong></span> <span class='ocrx_word' id='word_1_63' title='bbox 472 1261 566 1326; x_wconf 87' lang='lat' dir='ltr'><strong>nimis</strong></span> <span class='ocrx_word' id='word_1_64' title='bbox 593 1258 731 1342; x_wconf 83' lang='lat' dir='ltr'><strong>opererio</strong></span> <span class='ocrx_word' id='word_1_65' title='bbox 764 1259 817 1325; x_wconf 90' lang='lat' dir='ltr'><strong>uel</strong></span> <span class='ocrx_word' id='word_1_66' title='bbox 848 1258 979 1344; x_wconf 88' lang='lat' dir='ltr'><strong>probato</strong></span> <span class='ocrx_word' id='word_1_67' title='bbox 1009 1276 1082 1324; x_wconf 86' lang='lat' dir='ltr'><strong>sues</strong></span> <span class='ocrx_word' id='word_1_68' title='bbox 1114 1275 1189 1322; x_wconf 93' lang='lat' dir='ltr'><strong>oues</strong></span> 
     </span>
     <span class='ocr_line' id='line_1_10' title="bbox 58 1362 1192 1448; baseline -0.004 -18"><span class='ocrx_word' id='word_1_69' title='bbox 58 1383 217 1448; x_wconf 79' lang='lat' dir='ltr'><strong>agnosque</strong></span> <span class='ocrx_word' id='word_1_70' title='bbox 245 1364 451 1430; x_wconf 81' lang='lat' dir='ltr'><strong>commendat.</strong></span> <span class='ocrx_word' id='word_1_71' title='bbox 489 1366 521 1430; x_wconf 89' lang='lat' dir='ltr'><strong>et</strong></span> <span class='ocrx_word' id='word_1_72' title='bbox 548 1364 624 1430; x_wconf 91' lang='lat' dir='ltr'><strong>baec</strong></span> <span class='ocrx_word' id='word_1_73' title='bbox 649 1363 742 1429; x_wconf 90' lang='lat' dir='ltr'><strong>tertio</strong></span> <span class='ocrx_word' id='word_1_74' title='bbox 764 1366 879 1446; x_wconf 88' lang='lat' dir='ltr'><strong>repetit</strong></span> <span class='ocrx_word' id='word_1_75' title='bbox 905 1381 941 1429; x_wconf 89' lang='lat' dir='ltr'><strong>ac</strong></span> <span class='ocrx_word' id='word_1_76' title='bbox 974 1362 1120 1440; x_wconf 75' lang='lat' dir='ltr'><strong>reuoluit</strong></span> <span class='ocrx_word' id='word_1_77' title='bbox 1151 1362 1192 1426; x_wconf 93' lang='lat' dir='ltr'><strong>ut</strong></span> 
     </span>
    </p>

    <p class='ocr_par' dir='ltr' id='par_1_4' title="bbox 19 1456 1192 1964">
     <span class='ocr_line' id='line_1_11' title="bbox 19 1456 1189 1551; baseline -0.007 -13"><span class='ocrx_word' id='word_1_78' title='bbox 19 1468 241 1538; x_wconf 72' lang='lat' dir='ltr'><strong>:crecentioris</strong></span> <span class='ocrx_word' id='word_1_79' title='bbox 273 1467 383 1551; x_wconf 88' lang='lat' dir='ltr'><strong>culpae</strong></span> <span class='ocrx_word' id='word_1_80' title='bbox 413 1468 497 1534; x_wconf 88' lang='lat' dir='ltr'><strong>trina</strong></span> <span class='ocrx_word' id='word_1_81' title='bbox 525 1469 649 1551; x_wconf 89' lang='lat' dir='ltr'><strong>negatio</strong></span> <span class='ocrx_word' id='word_1_82' title='bbox 677 1466 770 1551; x_wconf 93' lang='lat' dir='ltr'><strong>parili</strong></span> <span class='ocrx_word' id='word_1_83' title='bbox 799 1456 974 1532; x_wconf 80' lang='lat' dir='ltr'><strong>dilectionis</strong></span> <span class='ocrx_word' id='word_1_84' title='bbox 1002 1470 1189 1551; x_wconf 87' lang='lat' dir='ltr'><strong>purgaretur</strong></span> 
     </span>
     <span class='ocr_line' id='line_1_12' title="bbox 58 1568 1189 1655; baseline -0.004 -19"><span class='ocrx_word' id='word_1_85' title='bbox 58 1590 97 1637; x_wconf 86' lang='lat' dir='ltr'><strong>ex</strong></span> <span class='ocrx_word' id='word_1_86' title='bbox 119 1589 257 1638; x_wconf 90' lang='lat' dir='ltr'><strong>numero.</strong></span> <span class='ocrx_word' id='word_1_87' title='bbox 291 1574 373 1655; x_wconf 91' lang='lat' dir='ltr'><strong>quod</strong></span> <span class='ocrx_word' id='word_1_88' title='bbox 395 1574 501 1637; x_wconf 88' lang='lat' dir='ltr'><strong>autem</strong></span> <span class='ocrx_word' id='word_1_89' title='bbox 523 1569 619 1636; x_wconf 89' lang='lat' dir='ltr'><strong>Petro</strong></span> <span class='ocrx_word' id='word_1_90' title='bbox 641 1569 817 1653; x_wconf 87' lang='lat' dir='ltr'><strong>specialiter</strong></span> <span class='ocrx_word' id='word_1_91' title='bbox 832 1570 935 1635; x_wconf 90' lang='lat' dir='ltr'><strong>alendi</strong></span> <span class='ocrx_word' id='word_1_92' title='bbox 956 1569 1060 1655; x_wconf 86' lang='lat' dir='ltr'><strong>gregis</strong></span> <span class='ocrx_word' id='word_1_93' title='bbox 1075 1568 1189 1634; x_wconf 85' lang='lat' dir='ltr'><strong>tribuit</strong></span> 
     </span>
     <span class='ocr_line' id='line_1_13' title="bbox 59 1671 1192 1759; baseline -0.002 -20"><span class='ocrx_word' id='word_1_94' title='bbox 59 1673 260 1759; x_wconf 84' lang='lat' dir='ltr'><strong>dignitatem,</strong></span> <span class='ocrx_word' id='word_1_95' title='bbox 288 1693 359 1740; x_wconf 91' lang='lat' dir='ltr'><strong>cum</strong></span> <span class='ocrx_word' id='word_1_96' title='bbox 387 1673 536 1757; x_wconf 88' lang='lat' dir='ltr'><strong>probetur</strong></span> <span class='ocrx_word' id='word_1_97' title='bbox 564 1691 668 1740; x_wconf 84' lang='lat' dir='ltr'><strong>omues</strong></span> <span class='ocrx_word' id='word_1_98' title='bbox 698 1692 795 1756; x_wconf 88' lang='lat' dir='ltr'><strong>aeque</strong></span> <span class='ocrx_word' id='word_1_99' title='bbox 822 1672 961 1757; x_wconf 80' lang='lat' dir='ltr'><strong>diligere,</strong></span> <span class='ocrx_word' id='word_1_100' title='bbox 984 1690 1046 1737; x_wconf 90' lang='lat' dir='ltr'><strong>uon</strong></span> <span class='ocrx_word' id='word_1_101' title='bbox 1067 1674 1107 1737; x_wconf 91' lang='lat' dir='ltr'><strong>ad</strong></span> <span class='ocrx_word' id='word_1_102' title='bbox 1128 1671 1192 1737; x_wconf 91' lang='lat' dir='ltr'><strong>ali·</strong></span> 
     </span>
     <span class='ocr_line' id='line_1_14' title="bbox 58 1775 1188 1861; baseline -0.003 -19"><span class='ocrx_word' id='word_1_103' title='bbox 58 1795 150 1844; x_wconf 87' lang='lat' dir='ltr'><strong>orum</strong></span> <span class='ocrx_word' id='word_1_104' title='bbox 165 1779 301 1861; x_wconf 90' lang='lat' dir='ltr'><strong>pertinet</strong></span> <span class='ocrx_word' id='word_1_105' title='bbox 315 1777 551 1856; x_wconf 83' lang='lat' dir='ltr'><strong>detrimentum,</strong></span> <span class='ocrx_word' id='word_1_106' title='bbox 566 1778 621 1843; x_wconf 92' lang='lat' dir='ltr'><strong>sed</strong></span> <span class='ocrx_word' id='word_1_107' title='bbox 633 1778 745 1843; x_wconf 90' lang='lat' dir='ltr'><strong>rationi</strong></span> <span class='ocrx_word' id='word_1_108' title='bbox 762 1776 887 1841; x_wconf 88' lang='lat' dir='ltr'><strong>uidetur</strong></span> <span class='ocrx_word' id='word_1_109' title='bbox 899 1794 966 1841; x_wconf 82' lang='lat' dir='ltr'><strong>cese</strong></span> <span class='ocrx_word' id='word_1_110' title='bbox 978 1775 1188 1841; x_wconf 89' lang='lat' dir='ltr'><strong>coniunctum</strong></span> 
     </span>
     <span class='ocr_line' id='line_1_15' title="bbox 60 1877 1191 1964; baseline -0.003 -19"><span class='ocrx_word' id='word_1_111' title='bbox 60 1880 120 1946; x_wconf 88' lang='lat' dir='ltr'><strong>boc</strong></span> <span class='ocrx_word' id='word_1_112' title='bbox 144 1880 263 1947; x_wconf 88' lang='lat' dir='ltr'><strong>animal</strong></span> <span class='ocrx_word' id='word_1_113' title='bbox 284 1899 418 1964; x_wconf 89' lang='lat' dir='ltr'><strong>namque</strong></span> <span class='ocrx_word' id='word_1_114' title='bbox 439 1881 643 1946; x_wconf 86' lang='lat' dir='ltr'><strong>mitissimum</strong></span> <span class='ocrx_word' id='word_1_115' title='bbox 664 1897 718 1964; x_wconf 92' lang='lat' dir='ltr'><strong>pro</strong></span> <span class='ocrx_word' id='word_1_116' title='bbox 737 1879 939 1961; x_wconf 84' lang='lat' dir='ltr'><strong>simplicitate</strong></span> <span class='ocrx_word' id='word_1_117' title='bbox 954 1882 1083 1944; x_wconf 89' lang='lat' dir='ltr'><strong>naturae</strong></span> <span class='ocrx_word' id='word_1_118' title='bbox 1098 1877 1191 1943; x_wconf 91' lang='lat' dir='ltr'><strong>iustis</strong></span> 
     </span>
    </p>

    <p class='ocr_par' dir='ltr' id='par_1_5' title="bbox 22 1981 1190 2481">
     <span class='ocr_line' id='line_1_16' title="bbox 22 1981 1188 2069; baseline -0.008 -15"><span class='ocrx_word' id='word_1_119' title='bbox 22 1986 112 2054; x_wconf 72' lang='lat' dir='ltr'><strong>erest</strong></span> <span class='ocrx_word' id='word_1_120' title='bbox 133 1988 357 2069; x_wconf 86' lang='lat' dir='ltr'><strong>comparatum,</strong></span> <span class='ocrx_word' id='word_1_121' title='bbox 380 2002 467 2067; x_wconf 88' lang='lat' dir='ltr'><strong>quoe,</strong></span> <span class='ocrx_word' id='word_1_122' title='bbox 490 2002 560 2050; x_wconf 93' lang='lat' dir='ltr'><strong>cum</strong></span> <span class='ocrx_word' id='word_1_123' title='bbox 582 1982 704 2049; x_wconf 90' lang='lat' dir='ltr'><strong>uenerit</strong></span> <span class='ocrx_word' id='word_1_124' title='bbox 725 1981 758 2048; x_wconf 92' lang='lat' dir='ltr'><strong>iu</strong></span> <span class='ocrx_word' id='word_1_125' title='bbox 780 1982 945 2047; x_wconf 90' lang='lat' dir='ltr'><strong>maiestate</strong></span> <span class='ocrx_word' id='word_1_126' title='bbox 966 1999 1023 2047; x_wconf 89' lang='lat' dir='ltr'><strong>sua</strong></span> <span class='ocrx_word' id='word_1_127' title='bbox 1043 1999 1097 2045; x_wconf 85' lang='lat' dir='ltr'><strong>rex</strong></span> <span class='ocrx_word' id='word_1_128' title='bbox 1118 1997 1188 2045; x_wconf 90' lang='lat' dir='ltr'><strong>om·</strong></span> 
     </span>
     <span class='ocr_line' id='line_1_17' title="bbox 60 2084 1189 2167; baseline -0.006 -14"><span class='ocrx_word' id='word_1_129' title='bbox 60 2085 159 2165; x_wconf 88' lang='lat' dir='ltr'><strong>nium,</strong></span> <span class='ocrx_word' id='word_1_130' title='bbox 174 2087 282 2153; x_wconf 86' lang='lat' dir='ltr'><strong>taliter</strong></span> <span class='ocrx_word' id='word_1_131' title='bbox 297 2106 316 2153; x_wconf 93' lang='lat' dir='ltr'><strong>a</strong></span> <span class='ocrx_word' id='word_1_132' title='bbox 330 2088 463 2153; x_wconf 86' lang='lat' dir='ltr'><strong>dexteris</strong></span> <span class='ocrx_word' id='word_1_133' title='bbox 479 2086 649 2167; x_wconf 81' lang='lat' dir='ltr'><strong>adstantes,</strong></span> <span class='ocrx_word' id='word_1_134' title='bbox 672 2084 755 2151; x_wconf 89' lang='lat' dir='ltr'><strong>sicut</strong></span> <span class='ocrx_word' id='word_1_135' title='bbox 774 2085 840 2167; x_wconf 91' lang='lat' dir='ltr'><strong>ipse</strong></span> <span class='ocrx_word' id='word_1_136' title='bbox 856 2084 971 2164; x_wconf 85' lang='lat' dir='ltr'><strong>docuit,</strong></span> <span class='ocrx_word' id='word_1_137' title='bbox 994 2084 1189 2166; x_wconf 86' lang='lat' dir='ltr'><strong>alloquetur:</strong></span> 
     </span>
     <span class='ocr_line' id='line_1_18' title="bbox 62 2187 1189 2271; baseline -0.004 -15"><span class='ocrx_word' id='word_1_138' title='bbox 62 2189 211 2268; x_wconf 84' lang='lat' dir='ltr'><strong>uenite,</strong></span> <span class='ocrx_word' id='word_1_139' title='bbox 249 2188 456 2256; x_wconf 88' lang='lat' dir='ltr'><strong>benedicti</strong></span> <span class='ocrx_word' id='word_1_140' title='bbox 491 2189 632 2254; x_wconf 89' lang='lat' dir='ltr'><strong>Patris</strong></span> <span class='ocrx_word' id='word_1_141' title='bbox 667 2187 756 2267; x_wconf 85' lang='lat' dir='ltr'><strong>mei,</strong></span> <span class='ocrx_word' id='word_1_142' title='bbox 786 2187 996 2271; x_wconf 85' lang='lat' dir='ltr'><strong>possidete</strong></span> <span class='ocrx_word' id='word_1_143' title='bbox 1025 2204 1189 2269; x_wconf 89' lang='lat' dir='ltr'><strong>reguum</strong></span> 
     </span>
     <span class='ocr_line' id='line_1_19' title="bbox 61 2291 1189 2376; baseline -0.004 -18"><span class='ocrx_word' id='word_1_144' title='bbox 61 2294 242 2376; x_wconf 85' lang='lat' dir='ltr'><strong>puratum</strong></span> <span class='ocrx_word' id='word_1_145' title='bbox 279 2292 392 2359; x_wconf 89' lang='lat' dir='ltr'><strong>uobis</strong></span> <span class='ocrx_word' id='word_1_146' title='bbox 426 2311 444 2357; x_wconf 89' lang='lat' dir='ltr'><strong>e</strong></span> <span class='ocrx_word' id='word_1_147' title='bbox 479 2293 775 2359; x_wconf 88' lang='lat' dir='ltr'><strong>constitutione</strong></span> <span class='ocrx_word' id='word_1_148' title='bbox 819 2291 967 2370; x_wconf 89' lang='lat' dir='ltr'><strong>muudi,</strong></span> <span class='ocrx_word' id='word_1_149' title='bbox 1006 2293 1038 2355; x_wconf 90' lang='lat' dir='ltr'><strong>et</strong></span> <span class='ocrx_word' id='word_1_150' title='bbox 1075 2291 1189 2354; x_wconf 76' lang='lat' dir='ltr'><strong>cetera</strong></span> 
     </span>
     <span class='ocr_line' id='line_1_20' title="bbox 61 2393 1190 2481; baseline -0.004 -20"><span class='ocrx_word' id='word_1_151' title='bbox 61 2396 256 2480; x_wconf 87' lang='lat' dir='ltr'><strong>ingressuros</strong></span> <span class='ocrx_word' id='word_1_152' title='bbox 278 2397 378 2481; x_wconf 87' lang='lat' dir='ltr'><strong>igitur</strong></span> <span class='ocrx_word' id='word_1_153' title='bbox 399 2395 498 2462; x_wconf 89' lang='lat' dir='ltr'><strong>iustos</strong></span> <span class='ocrx_word' id='word_1_154' title='bbox 520 2397 553 2461; x_wconf 92' lang='lat' dir='ltr'><strong>in</strong></span> <span class='ocrx_word' id='word_1_155' title='bbox 574 2415 706 2481; x_wconf 90' lang='lat' dir='ltr'><strong>reguum</strong></span> <span class='ocrx_word' id='word_1_156' title='bbox 723 2397 943 2479; x_wconf 87' lang='lat' dir='ltr'><strong>cousequenter</strong></span> <span class='ocrx_word' id='word_1_157' title='bbox 966 2393 1016 2458; x_wconf 91' lang='lat' dir='ltr'><strong>illi</strong></span> <span class='ocrx_word' id='word_1_158' title='bbox 1030 2410 1190 2458; x_wconf 85' lang='lat' dir='ltr'><strong>commou-</strong></span> 
     </span>
    </p>

    <p class='ocr_par' dir='ltr' id='par_1_6' title="bbox 26 2496 1043 2584">
     <span class='ocr_line' id='line_1_21' title="bbox 26 2496 1043 2584; baseline -0.011 -13"><span class='ocrx_word' id='word_1_159' title='bbox 26 2498 129 2578; x_wconf 72' lang='lat' dir='ltr'><strong>elno,</strong></span> <span class='ocrx_word' id='word_1_160' title='bbox 153 2498 203 2564; x_wconf 90' lang='lat' dir='ltr'><strong>cui</strong></span> <span class='ocrx_word' id='word_1_161' title='bbox 225 2500 329 2565; x_wconf 87' lang='lat' dir='ltr'><strong>claues</strong></span> <span class='ocrx_word' id='word_1_162' title='bbox 351 2499 555 2564; x_wconf 85' lang='lat' dir='ltr'><strong>sedatorum</strong></span> <span class='ocrx_word' id='word_1_163' title='bbox 577 2498 715 2565; x_wconf 85' lang='lat' dir='ltr'><strong>eiusdem</strong></span> <span class='ocrx_word' id='word_1_164' title='bbox 737 2499 826 2584; x_wconf 89' lang='lat' dir='ltr'><strong>regui</strong></span> <span class='ocrx_word' id='word_1_165' title='bbox 848 2496 1043 2581; x_wconf 84' lang='lat' dir='ltr'><strong>promiserat</strong></span> 
     </span>
    </p>
   </div>
   <div class='ocr_carea' id='block_1_4' title="bbox 61 2614 1244 2807">
    <p class='ocr_par' dir='ltr' id='par_1_7' title="bbox 61 2614 1244 2807">
     <span class='ocr_line' id='line_1_22' title="bbox 104 2614 1244 2704; baseline -0.007 -17"><span class='ocrx_word' id='word_1_166' title='bbox 104 2620 184 2687; x_wconf 83' lang='lat' dir='ltr'><strong>Indo</strong></span> <span class='ocrx_word' id='word_1_167' title='bbox 204 2622 331 2687; x_wconf 85' lang='lat' dir='ltr'><strong>monitis</strong></span> <span class='ocrx_word' id='word_1_168' title='bbox 353 2638 404 2687; x_wconf 89' lang='lat' dir='ltr'><strong>eoa</strong></span> <span class='ocrx_word' id='word_1_169' title='bbox 425 2620 528 2686; x_wconf 80' lang='lat' dir='ltr'><strong>beatis</strong></span> <span class='ocrx_word' id='word_1_170' title='bbox 552 2621 695 2686; x_wconf 87' lang='lat' dir='ltr'><strong>erudiens</strong></span> <span class='ocrx_word' id='word_1_171' title='bbox 717 2623 750 2684; x_wconf 91' lang='lat' dir='ltr'><strong>et</strong></span> <span class='ocrx_word' id='word_1_172' title='bbox 770 2618 916 2704; x_wconf 87' lang='lat' dir='ltr'><strong>pacificae</strong></span> <span class='ocrx_word' id='word_1_173' title='bbox 931 2619 1076 2683; x_wconf 88' lang='lat' dir='ltr'><strong>roborans</strong></span> <span class='ocrx_word' id='word_1_174' title='bbox 1090 2614 1187 2681; x_wconf 89' lang='lat' dir='ltr'><strong>tradi·</strong></span> <span class='ocrx_word' id='word_1_175' title='bbox 1200 2616 1244 2680; x_wconf 72' lang='lat'><strong>27</strong></span> 
     </span>
     <span class='ocr_line' id='line_1_23' title="bbox 61 2717 1190 2807; baseline -0.004 -19"><span class='ocrx_word' id='word_1_176' title='bbox 61 2722 148 2790; x_wconf 88' lang='lat' dir='ltr'><strong>tione</strong></span> <span class='ocrx_word' id='word_1_177' title='bbox 187 2722 347 2791; x_wconf 86' lang='lat' dir='ltr'><strong>doctrinae</strong></span> <span class='ocrx_word' id='word_1_178' title='bbox 382 2742 438 2807; x_wconf 91' lang='lat' dir='ltr'><strong>per</strong></span> <span class='ocrx_word' id='word_1_179' title='bbox 465 2741 571 2789; x_wconf 92' lang='lat' dir='ltr'><strong>omues</strong></span> <span class='ocrx_word' id='word_1_180' title='bbox 606 2726 740 2806; x_wconf 90' lang='lat' dir='ltr'><strong>imperat</strong></span> <span class='ocrx_word' id='word_1_181' title='bbox 782 2727 881 2788; x_wconf 87' lang='lat' dir='ltr'><strong>terrae</strong></span> <span class='ocrx_word' id='word_1_182' title='bbox 918 2720 1082 2804; x_wconf 88' lang='lat' dir='ltr'><strong>religiosae</strong></span> <span class='ocrx_word' id='word_1_183' title='bbox 1117 2717 1190 2783; x_wconf 86' lang='lat' dir='ltr'><strong>fidei</strong></span> 
     </span>
    </p>
   </div>
   <div class='ocr_carea' id='block_1_5' title="bbox 166 2909 427 2975">
    <p class='ocr_par' dir='ltr' id='par_1_8' title="bbox 166 2909 427 2975">
     <span class='ocr_line' id='line_1_24' title="bbox 166 2909 427 2975; baseline 0.004 -11"><span class='ocrx_word' id='word_1_184' title='bbox 166 2909 199 2964; x_wconf 84' lang='lat' dir='ltr'><strong>ll</strong></span> <span class='ocrx_word' id='word_1_185' title='bbox 216 2909 314 2964; x_wconf 85' lang='lat' dir='ltr'><strong>Matth.</strong></span> <span class='ocrx_word' id='word_1_186' title='bbox 332 2910 373 2975; x_wconf 77' lang='lat' dir='ltr'><strong>ab,</strong></span> <span class='ocrx_word' id='word_1_187' title='bbox 392 2910 427 2965; x_wconf 78' lang='lat'><strong>34</strong></span> 
     </span>
    </p>
   </div>
   <div class='ocr_carea' id='block_1_6' title="bbox 59 3066 1193 3252">
    <p class='ocr_par' dir='ltr' id='par_1_9' title="bbox 59 3066 1193 3252">
     <span class='ocr_line' id='line_1_25' title="bbox 115 3066 1193 3166; baseline -0.008 -29"><span class='ocrx_word' id='word_1_188' title='bbox 115 3066 287 3166; x_wconf 69' lang='lat' dir='ltr'><strong>rpufuien</strong></span> <span class='ocrx_word' id='word_1_189' title='bbox 304 3082 339 3137; x_wconf 79' lang='grc' dir='ltr'><strong>ιι</strong></span> <span class='ocrx_word' id='word_1_190' title='bbox 436 3081 585 3151; x_wconf 70' lang='lat' dir='ltr'><strong>epraeter]</strong></span> <span class='ocrx_word' id='word_1_191' title='bbox 603 3097 625 3136; x_wconf 72' lang='lat' dir='ltr'><strong>s.</strong></span> <span class='ocrx_word' id='word_1_192' title='bbox 643 3082 660 3136; x_wconf 83' lang='lat' dir='ltr'><strong>o</strong></span> <span class='ocrx_word' id='word_1_193' title='bbox 678 3081 719 3137; x_wconf 78' lang='lat' dir='ltr'><strong>ro</strong></span> <span class='ocrx_word' id='word_1_194' title='bbox 825 3079 964 3151; x_wconf 71' lang='lat' dir='ltr'><strong>peperolo</strong></span> <span class='ocrx_word' id='word_1_195' title='bbox 980 3078 1008 3132; x_wconf 79' lang='lat' dir='ltr'><strong>n</strong></span> <span class='ocrx_word' id='word_1_196' title='bbox 1093 3076 1193 3131; x_wconf 66' lang='lat' dir='ltr'><strong>emor</strong></span> 
     </span>
     <span class='ocr_line' id='line_1_26' title="bbox 59 3180 1126 3252; baseline -0.005 -13"><span class='ocrx_word' id='word_1_197' title='bbox 59 3200 117 3240; x_wconf 81' lang='lat' dir='ltr'><strong>rue.</strong></span> <span class='ocrx_word' id='word_1_198' title='bbox 135 3186 168 3241; x_wconf 78' lang='lat' dir='ltr'><strong>in</strong></span> <span class='ocrx_word' id='word_1_199' title='bbox 184 3186 229 3249; x_wconf 87' lang='grc' dir='ltr'><strong>Η,</strong></span> <span class='ocrx_word' id='word_1_200' title='bbox 259 3200 355 3241; x_wconf 81' lang='lat' dir='ltr'><strong>uooec</strong></span> <span class='ocrx_word' id='word_1_201' title='bbox 452 3186 602 3240; x_wconf 82' lang='lat' dir='ltr'><strong>uuiauimee</strong></span> <span class='ocrx_word' id='word_1_202' title='bbox 619 3185 655 3240; x_wconf 88' lang='lat' dir='ltr'><em>H</em></span> <span class='ocrx_word' id='word_1_203' title='bbox 752 3184 914 3252; x_wconf 74' lang='lat' dir='ltr'><strong>tltltpleua·</strong></span> <span class='ocrx_word' id='word_1_204' title='bbox 934 3186 973 3247; x_wconf 83' lang='grc' dir='ltr'><strong>(ιιι</strong></span> <span class='ocrx_word' id='word_1_205' title='bbox 991 3184 1073 3251; x_wconf 76' lang='lat' dir='ltr'><strong>erne)</strong></span> <span class='ocrx_word' id='word_1_206' title='bbox 1090 3180 1126 3234; x_wconf 87' lang='grc' dir='ltr'><strong>Η</strong></span> 
     </span>
    </p>
   </div>
   <div class='ocr_carea' id='block_1_7' title="bbox 56 3267 1194 3887">
    <p class='ocr_par' dir='ltr' id='par_1_10' title="bbox 56 3267 1194 3887">
     <span class='ocr_line' id='line_1_27' title="bbox 59 3267 1194 3333; baseline -0.006 -6"><span class='ocrx_word' id='word_1_207' title='bbox 59 3274 77 3327; x_wconf 90' lang='grc'><strong>5</strong></span> <span class='ocrx_word' id='word_1_208' title='bbox 101 3286 153 3327; x_wconf 80' lang='lat' dir='ltr'><strong>vuer</strong></span> <span class='ocrx_word' id='word_1_209' title='bbox 177 3286 476 3327; x_wconf 80' lang='lat' dir='ltr'><strong>uua1rruuuoenruu</strong></span> <span class='ocrx_word' id='word_1_210' title='bbox 500 3286 608 3326; x_wconf 77' lang='lat' dir='ltr'><strong>aurave</strong></span> <span class='ocrx_word' id='word_1_211' title='bbox 625 3286 645 3326; x_wconf 81' lang='lat' dir='ltr'><strong>n</strong></span> <span class='ocrx_word' id='word_1_212' title='bbox 662 3285 773 3327; x_wconf 76' lang='lat' dir='ltr'><strong>bonnm</strong></span> <span class='ocrx_word' id='word_1_213' title='bbox 797 3285 823 3325; x_wconf 74' lang='grc' dir='ltr'><strong>ει</strong></span> <span class='ocrx_word' id='word_1_214' title='bbox 846 3286 907 3324; x_wconf 78' lang='lat' dir='ltr'><strong>rrum</strong></span> <span class='ocrx_word' id='word_1_215' title='bbox 930 3283 1044 3324; x_wconf 76' lang='lat' dir='ltr'><strong>urrunnu</strong></span> <span class='ocrx_word' id='word_1_216' title='bbox 1061 3267 1124 3323; x_wconf 79' lang='lat' dir='ltr'><strong>BH</strong></span> <span class='ocrx_word' id='word_1_217' title='bbox 1137 3270 1194 3333; x_wconf 85' lang='lat' dir='ltr'><strong>(ter</strong></span> 
     </span>
     <span class='ocr_line' id='line_1_28' title="bbox 59 3354 1191 3428; baseline -0.006 -14"><span class='ocrx_word' id='word_1_218' title='bbox 59 3362 141 3423; x_wconf 62' lang='lat' dir='ltr'><strong>om),</strong></span> <span class='ocrx_word' id='word_1_219' title='bbox 175 3358 243 3413; x_wconf 86' lang='lat' dir='ltr'><strong>Oues</strong></span> <span class='ocrx_word' id='word_1_220' title='bbox 261 3361 289 3412; x_wconf 89' lang='lat' dir='ltr'><strong>et</strong></span> <span class='ocrx_word' id='word_1_221' title='bbox 306 3374 389 3428; x_wconf 86' lang='lat' dir='ltr'><strong>ugnos</strong></span> <span class='ocrx_word' id='word_1_222' title='bbox 407 3358 488 3413; x_wconf 87' lang='lat' dir='ltr'><strong>Petro</strong></span> <span class='ocrx_word' id='word_1_223' title='bbox 505 3357 613 3412; x_wconf 72' lang='lat' dir='ltr'><strong>alendos</strong></span> <span class='ocrx_word' id='word_1_224' title='bbox 631 3359 760 3413; x_wconf 84' lang='lat' dir='ltr'><strong>Dominus</strong></span> <span class='ocrx_word' id='word_1_225' title='bbox 777 3356 889 3411; x_wconf 71' lang='lat' dir='ltr'><strong>mandet</strong></span> <span class='ocrx_word' id='word_1_226' title='bbox 912 3373 929 3411; x_wconf 89' lang='lat' dir='ltr'><strong>o</strong></span> <span class='ocrx_word' id='word_1_227' title='bbox 1032 3354 1191 3409; x_wconf 79' lang='lat' dir='ltr'><strong>insurrexis-</strong></span> 
     </span>
     <span class='ocr_line' id='line_1_29' title="bbox 58 3440 1121 3513; baseline -0.006 -14"><span class='ocrx_word' id='word_1_228' title='bbox 58 3450 158 3501; x_wconf 83' lang='lat' dir='ltr'><strong>sentc</strong></span> <span class='ocrx_word' id='word_1_229' title='bbox 242 3443 353 3499; x_wconf 78' lang='lat' dir='ltr'><strong>Gllllcui</strong></span> <span class='ocrx_word' id='word_1_230' title='bbox 372 3445 406 3499; x_wconf 87' lang='grc' dir='ltr'><strong>Η</strong></span> <span class='ocrx_word' id='word_1_231' title='bbox 488 3445 619 3513; x_wconf 87' lang='lat' dir='ltr'><strong>&#39;lutpute</strong></span> <span class='ocrx_word' id='word_1_232' title='bbox 635 3444 676 3509; x_wconf 79' lang='lat' dir='ltr'><strong>R,</strong></span> <span class='ocrx_word' id='word_1_233' title='bbox 703 3445 768 3499; x_wconf 83' lang='lat' dir='ltr'><strong>ute</strong></span> <span class='ocrx_word' id='word_1_234' title='bbox 853 3446 930 3512; x_wconf 89' lang='lat' dir='ltr'><strong>pater</strong></span> <span class='ocrx_word' id='word_1_235' title='bbox 948 3447 992 3509; x_wconf 78' lang='lat' dir='ltr'><strong>(ex</strong></span> <span class='ocrx_word' id='word_1_236' title='bbox 1003 3444 1074 3510; x_wconf 90' lang='lat' dir='ltr'><strong>pote)</strong></span> <span class='ocrx_word' id='word_1_237' title='bbox 1094 3440 1121 3493; x_wconf 85' lang='lat' dir='ltr'>B</span> 
     </span>
     <span class='ocr_line' id='line_1_30' title="bbox 59 3527 1122 3602; baseline -0.005 -17"><span class='ocrx_word' id='word_1_238' title='bbox 59 3536 156 3602; x_wconf 79' lang='lat' dir='ltr'><strong>pastor</strong></span> <span class='ocrx_word' id='word_1_239' title='bbox 173 3529 293 3586; x_wconf 85' lang='lat' dir='ltr'><strong>bouuen</strong></span> <span class='ocrx_word' id='word_1_240' title='bbox 384 3530 536 3599; x_wconf 71' lang='lat' dir='ltr'><strong>Dreppetit</strong></span> <span class='ocrx_word' id='word_1_241' title='bbox 555 3530 589 3584; x_wconf 86' lang='grc' dir='ltr'><em>Η</em></span> <span class='ocrx_word' id='word_1_242' title='bbox 674 3530 706 3583; x_wconf 91' lang='grc'><strong>10</strong></span> <span class='ocrx_word' id='word_1_243' title='bbox 722 3529 862 3583; x_wconf 84' lang='lat' dir='ltr'><strong>recentiori</strong></span> <span class='ocrx_word' id='word_1_244' title='bbox 880 3527 940 3583; x_wconf 84' lang='grc' dir='ltr'><strong>ΗΒ</strong></span> <span class='ocrx_word' id='word_1_245' title='bbox 958 3528 1026 3582; x_wconf 86' lang='lat' dir='ltr'><strong>Par.</strong></span> <span class='ocrx_word' id='word_1_246' title='bbox 1039 3528 1122 3581; x_wconf 80' lang='lat' dir='ltr'><strong>Aren.</strong></span> 
     </span>
     <span class='ocr_line' id='line_1_31' title="bbox 57 3613 1193 3688; baseline -0.008 -15"><span class='ocrx_word' id='word_1_247' title='bbox 57 3633 147 3688; x_wconf 84' lang='lat' dir='ltr'><strong>cupae</strong></span> <span class='ocrx_word' id='word_1_248' title='bbox 164 3617 191 3672; x_wconf 89' lang='lat' dir='ltr'><em>B</em></span> <span class='ocrx_word' id='word_1_249' title='bbox 293 3617 384 3687; x_wconf 84' lang='lat' dir='ltr'><strong>parili]</strong></span> <span class='ocrx_word' id='word_1_250' title='bbox 401 3616 423 3671; x_wconf 92' lang='lat' dir='ltr'><strong>li</strong></span> <span class='ocrx_word' id='word_1_251' title='bbox 442 3632 510 3671; x_wconf 82' lang='lat' dir='ltr'><strong>erce.</strong></span> <span class='ocrx_word' id='word_1_252' title='bbox 532 3616 575 3683; x_wconf 86' lang='lat' dir='ltr'><strong>H,</strong></span> <span class='ocrx_word' id='word_1_253' title='bbox 605 3617 663 3686; x_wconf 90' lang='lat' dir='ltr'><strong>pari</strong></span> <span class='ocrx_word' id='word_1_254' title='bbox 681 3616 732 3671; x_wconf 83' lang='lat' dir='ltr'><strong>Bo</strong></span> <span class='ocrx_word' id='word_1_255' title='bbox 835 3616 867 3669; x_wconf 92' lang='lat'><strong>11</strong></span> <span class='ocrx_word' id='word_1_256' title='bbox 892 3613 1032 3668; x_wconf 78' lang='lat' dir='ltr'><strong>Petrus]</strong></span> <span class='ocrx_word' id='word_1_257' title='bbox 1130 3626 1193 3681; x_wconf 88' lang='lat' dir='ltr'><strong>gre·</strong></span> 
     </span>
     <span class='ocr_line' id='line_1_32' title="bbox 57 3696 1192 3777; baseline -0.01 -18"><span class='ocrx_word' id='word_1_258' title='bbox 57 3720 146 3777; x_wconf 76' lang='lat' dir='ltr'><strong>gese</strong></span> <span class='ocrx_word' id='word_1_259' title='bbox 249 3704 282 3758; x_wconf 86' lang='lat'><strong>13</strong></span> <span class='ocrx_word' id='word_1_260' title='bbox 299 3704 418 3773; x_wconf 87' lang='lat' dir='ltr'><strong>pertinet</strong></span> <span class='ocrx_word' id='word_1_261' title='bbox 435 3702 470 3757; x_wconf 87' lang='lat' dir='ltr'><strong>ad</strong></span> <span class='ocrx_word' id='word_1_262' title='bbox 487 3702 713 3757; x_wconf 85' lang='lat' dir='ltr'><strong>detrimentumo</strong></span> <span class='ocrx_word' id='word_1_263' title='bbox 810 3701 875 3770; x_wconf 85' lang='lat' dir='ltr'><strong>ease]</strong></span> <span class='ocrx_word' id='word_1_264' title='bbox 894 3716 943 3755; x_wconf 84' lang='grc' dir='ltr'><strong>οιιι.</strong></span> <span class='ocrx_word' id='word_1_265' title='bbox 961 3697 989 3754; x_wconf 81' lang='grc' dir='ltr'><strong><em>Β</em></strong></span> <span class='ocrx_word' id='word_1_266' title='bbox 1087 3696 1121 3750; x_wconf 83' lang='grc'><strong>15</strong></span> <span class='ocrx_word' id='word_1_267' title='bbox 1138 3696 1192 3765; x_wconf 82' lang='lat' dir='ltr'><strong>eet]</strong></span> 
     </span>
     <span class='ocr_line' id='line_1_33' title="bbox 56 3782 1122 3887; baseline -0.011 -39"><span class='ocrx_word' id='word_1_268' title='bbox 56 3805 134 3849; x_wconf 70' lang='lat' dir='ltr'><strong>erne</strong></span> <span class='ocrx_word' id='word_1_269' title='bbox 152 3790 191 3854; x_wconf 85' lang='grc' dir='ltr'><strong>Η,</strong></span> <span class='ocrx_word' id='word_1_270' title='bbox 217 3804 301 3844; x_wconf 83' lang='lat' dir='ltr'><strong>om.o</strong></span> <span class='ocrx_word' id='word_1_271' title='bbox 392 3794 569 3887; x_wconf 52' lang='lat' dir='ltr'><strong>comperfftum</strong></span> <span class='ocrx_word' id='word_1_272' title='bbox 588 3788 617 3843; x_wconf 89' lang='lat' dir='ltr'><strong><em>B</em></strong></span> <span class='ocrx_word' id='word_1_273' title='bbox 709 3789 741 3843; x_wconf 89' lang='lat'><strong>16</strong></span> <span class='ocrx_word' id='word_1_274' title='bbox 758 3787 792 3842; x_wconf 86' lang='lat' dir='ltr'><strong>ad</strong></span> <span class='ocrx_word' id='word_1_275' title='bbox 809 3788 837 3841; x_wconf 88' lang='lat' dir='ltr'><em>B</em></span> <span class='ocrx_word' id='word_1_276' title='bbox 923 3784 1023 3839; x_wconf 80' lang='lat' dir='ltr'><strong>deutris</strong></span> <span class='ocrx_word' id='word_1_277' title='bbox 1040 3782 1122 3837; x_wconf 83' lang='lat' dir='ltr'><strong>HBc</strong></span> 
     </span>
    </p>
   </div>
   <div class='ocr_carea' id='block_1_8' title="bbox 54 3886 1193 4067">
    <p class='ocr_par' dir='ltr' id='par_1_11' title="bbox 54 3886 1193 4067">
     <span class='ocr_line' id='line_1_34' title="bbox 56 3886 1192 3977; baseline -0.011 -28"><span class='ocrx_word' id='word_1_278' title='bbox 56 3892 303 3963; x_wconf 84' lang='lat' dir='ltr'><strong>alloquiturHBn</strong></span> <span class='ocrx_word' id='word_1_279' title='bbox 395 3891 623 3977; x_wconf 81' lang='lat' dir='ltr'><strong>l‘lposeedeteH</strong></span> <span class='ocrx_word' id='word_1_280' title='bbox 710 3891 744 3945; x_wconf 87' lang='lat'><strong>18</strong></span> <span class='ocrx_word' id='word_1_281' title='bbox 755 3890 934 3945; x_wconf 86' lang='lat' dir='ltr'><strong>contitutioue</strong></span> <span class='ocrx_word' id='word_1_282' title='bbox 947 3888 981 3942; x_wconf 87' lang='grc' dir='ltr'><em>Η</em></span> <span class='ocrx_word' id='word_1_283' title='bbox 1069 3886 1103 3940; x_wconf 82' lang='grc'><strong>18</strong></span> <span class='ocrx_word' id='word_1_284' title='bbox 1113 3898 1192 3953; x_wconf 88' lang='lat' dir='ltr'><strong>para·</strong></span> 
     </span>
     <span class='ocr_line' id='line_1_35' title="bbox 54 3989 1193 4067; baseline -0.012 -12"><span class='ocrx_word' id='word_1_285' title='bbox 54 4004 123 4055; x_wconf 80' lang='lat' dir='ltr'><strong>tum</strong></span> <span class='ocrx_word' id='word_1_286' title='bbox 141 3996 218 4053; x_wconf 78' lang='lat' dir='ltr'><strong>uoti·</strong></span> <span class='ocrx_word' id='word_1_287' title='bbox 235 4011 347 4067; x_wconf 84' lang='lat' dir='ltr'><strong>reguum</strong></span> <span class='ocrx_word' id='word_1_288' title='bbox 366 3996 447 4052; x_wconf 82' lang='lat' dir='ltr'><strong>HBc</strong></span> <span class='ocrx_word' id='word_1_289' title='bbox 542 3998 626 4051; x_wconf 78' lang='lat' dir='ltr'><strong>etde</strong></span> <span class='ocrx_word' id='word_1_290' title='bbox 723 3996 946 4065; x_wconf 75' lang='lat' dir='ltr'><strong>reingressurus</strong></span> <span class='ocrx_word' id='word_1_291' title='bbox 964 3992 999 4046; x_wconf 89' lang='lat' dir='ltr'><strong><em>H</em></strong></span> <span class='ocrx_word' id='word_1_292' title='bbox 1089 3989 1121 4044; x_wconf 80' lang='lat'><strong>21</strong></span> <span class='ocrx_word' id='word_1_293' title='bbox 1140 4002 1193 4043; x_wconf 73' lang='lat' dir='ltr'><strong>ver</strong></span> 
     </span>
    </p>
   </div>
   <div class='ocr_carea' id='block_1_9' title="bbox 51 4090 1195 4344">
    <p class='ocr_par' dir='ltr' id='par_1_12' title="bbox 51 4090 1195 4344">
     <span class='ocr_line' id='line_1_36' title="bbox 54 4090 1192 4166; baseline -0.01 -10"><span class='ocrx_word' id='word_1_294' title='bbox 54 4114 145 4157; x_wconf 83' lang='lat' dir='ltr'><strong>mm</strong></span> <span class='ocrx_word' id='word_1_295' title='bbox 161 4090 216 4155; x_wconf 62' lang='grc' dir='ltr'><strong>ἧι</strong></span> <span class='ocrx_word' id='word_1_296' title='bbox 233 4114 282 4155; x_wconf 78' lang='lat' dir='ltr'><strong>rur</strong></span> <span class='ocrx_word' id='word_1_297' title='bbox 298 4114 406 4155; x_wconf 77' lang='lat' dir='ltr'><strong>noenum</strong></span> <span class='ocrx_word' id='word_1_298' title='bbox 426 4114 535 4155; x_wconf 77' lang='lat' dir='ltr'><strong>currus</strong></span> <span class='ocrx_word' id='word_1_299' title='bbox 558 4100 630 4166; x_wconf 85' lang='lat' dir='ltr'><strong>RH,</strong></span> <span class='ocrx_word' id='word_1_300' title='bbox 666 4100 761 4154; x_wconf 86' lang='lat' dir='ltr'><strong>Pacem</strong></span> <span class='ocrx_word' id='word_1_301' title='bbox 780 4097 937 4153; x_wconf 75' lang='lat' dir='ltr'><strong>seruandam</strong></span> <span class='ocrx_word' id='word_1_302' title='bbox 957 4094 1096 4164; x_wconf 81' lang='lat' dir='ltr'><strong>discipulis</strong></span> <span class='ocrx_word' id='word_1_303' title='bbox 1113 4108 1192 4145; x_wconf 87' lang='lat' dir='ltr'><strong>mau-</strong></span> 
     </span>
     <span class='ocr_line' id='line_1_37' title="bbox 51 4180 1195 4264; baseline -0.01 -21"><span class='ocrx_word' id='word_1_304' title='bbox 51 4189 145 4243; x_wconf 72' lang='lat' dir='ltr'><strong>date</strong></span> <span class='ocrx_word' id='word_1_305' title='bbox 247 4186 342 4240; x_wconf 85' lang='lat' dir='ltr'><strong>beatus</strong></span> <span class='ocrx_word' id='word_1_306' title='bbox 359 4186 402 4264; x_wconf 63' lang='lat'><strong>11¹</strong></span> <span class='ocrx_word' id='word_1_307' title='bbox 421 4188 501 4255; x_wconf 67' lang='lat' dir='ltr'><strong>(corn</strong></span> <span class='ocrx_word' id='word_1_308' title='bbox 519 4188 549 4241; x_wconf 84' lang='lat' dir='ltr'><strong>in</strong></span> <span class='ocrx_word' id='word_1_309' title='bbox 567 4202 596 4239; x_wconf 89' lang='lat' dir='ltr'><strong>oe</strong></span> <span class='ocrx_word' id='word_1_310' title='bbox 613 4203 648 4240; x_wconf 85' lang='lat' dir='ltr'><strong>m.</strong></span> <span class='ocrx_word' id='word_1_311' title='bbox 662 4189 693 4251; x_wconf 77' lang='lat'><strong>2)</strong></span> <span class='ocrx_word' id='word_1_312' title='bbox 785 4184 891 4255; x_wconf 83' lang='lat' dir='ltr'><strong>pacifice</strong></span> <span class='ocrx_word' id='word_1_313' title='bbox 909 4183 943 4238; x_wconf 86' lang='grc' dir='ltr'><em>Η</em></span> <span class='ocrx_word' id='word_1_314' title='bbox 1043 4180 1195 4235; x_wconf 70' lang='lat' dir='ltr'><strong>traditione</strong></span> 
     </span>
     <span class='ocr_line' id='line_1_38' title="bbox 51 4273 735 4344; baseline -0.007 -11"><span class='ocrx_word' id='word_1_315' title='bbox 51 4277 95 4333; x_wconf 83' lang='lat'><strong>11</strong></span> <span class='ocrx_word' id='word_1_316' title='bbox 199 4274 233 4329; x_wconf 81' lang='lat'><strong>22</strong></span> <span class='ocrx_word' id='word_1_317' title='bbox 253 4275 385 4344; x_wconf 81' lang='lat' dir='ltr'><strong>imperans</strong></span> <span class='ocrx_word' id='word_1_318' title='bbox 402 4274 452 4329; x_wconf 85' lang='lat' dir='ltr'><strong>Bo</strong></span> <span class='ocrx_word' id='word_1_319' title='bbox 555 4273 683 4343; x_wconf 85' lang='lat' dir='ltr'><strong>religione</strong></span> <span class='ocrx_word' id='word_1_320' title='bbox 700 4274 735 4329; x_wconf 86' lang='lat' dir='ltr'><strong><em>H</em></strong></span> 
     </span>
    </p>
   </div>
   <div class='ocr_carea' id='block_1_10' title="bbox 0 0 1392 4830">
    <p class='ocr_par' dir='ltr' id='par_1_13' title="bbox 0 0 1392 4830">
     <span class='ocr_line' id='line_1_39' title="bbox 0 0 1392 4830; baseline 0 1"><span class='ocrx_word' id='word_1_321' title='bbox 0 0 1392 4830; x_wconf 95' lang='lat' dir='ltr'><strong> </strong></span> 
     </span>
    </p>
   </div>
  </div>
 </body>
</html>
