2774 4830
430 293 586 351 Pascbal.
604 292 724 362 Operis
748 292 819 349 Lib.
837 292 870 349 V.
1152 290 1217 357 295

84 483 222 568 condite,
237 483 341 569 perdis
357 501 432 567 opus
448 481 583 549 excubiis
598 485 630 547 et
644 482 772 550 labore?
794 483 868 566 qnid
883 481 976 549 iidem
991 482 1100 548 niteris
1115 483 1218 567 explo-

88 605 170 672 rare,
193 606 286 671 quam
309 587 451 663 nonnis,
474 586 570 652 etiam
593 605 663 653 cum
684 586 837 671 probaris,
860 585 1049 652 admittere?

132 707 260 772 Interea
288 709 366 775 illud
393 709 485 775 triste
511 709 584 792 post
611 708 776 774 sabbatum
805 708 947 791 coeperat
970 706 1038 772 dies
1060 706 1218 772 inradiare
1227 704 1269 769 u

90 810 232 885 festinus,
260 812 313 894 qui
341 811 475 877 Domino
501 809 677 876 dominanti
706 810 902 895 gratissimus
931 828 1044 876 nomon
1076 809 1115 873 ab
1149 808 1217 874 eius

61 913 258 984 emaieslate
281 913 420 993 sortitur,
450 913 552 979 dictus
583 913 641 980 boc
669 913 783 980 honore
810 912 1000 997 Dominicus‚
1028 912 1141 997 quippe
1163 912 1217 995 qui

91 1019 219 1083 tantum
247 1019 426 1083 consecutus
456 1019 504 1083 est
526 1018 699 1102 dignitatis,
721 1021 758 1082 ut
785 1016 906 1101 primus
929 1017 1077 1082 meruerit
1099 1015 1217 1080 intueri

91 1120 203 1186 mundi
234 1121 391 1187 nascentis
421 1120 573 1206 originem
606 1125 638 1187 ot
674 1121 865 1204 resurgentis
897 1119 1016 1186 Christi
1053 1120 1216 1185 uirtutem.

88 1224 137 1288 sic
158 1226 240 1289 onim
258 1225 338 1291 liber
352 1222 516 1301 Geneseos,
539 1243 643 1290 rerum
659 1224 843 1290 manifestus
858 1226 1004 1301 assertor,
1019 1221 1069 1288 die
1083 1223 1217 1306 septimo

87 1327 291 1393 sabbatorum
315 1346 334 1393 a
356 1328 420 1394 suis
442 1328 633 1412 requiouisse
662 1328 764 1393 Deum
794 1324 872 1392 dicit
894 1324 1049 1410 operibus.
1087 1328 1218 1410 apparet

48 1465 77 1505 ro
90 1447 163 1515 ergo
185 1431 354 1515 perspicue,
378 1435 458 1515 quod
481 1435 574 1515 caput
598 1430 683 1497 orbis
704 1431 764 1496 iste
787 1430 833 1495 sit
853 1429 930 1511 dies,
954 1448 973 1494 a
994 1448 1056 1512 quo
1069 1429 1218 1512 primario

87 1552 146 1615 per
169 1532 307 1600 ordinem
331 1533 496 1599 delinitum
510 1535 692 1600 numeratur
719 1534 869 1617 septimus
890 1531 1102 1612 sabbatorum,
1125 1552 1217 1617 quem

87 1636 190 1722 gloria
205 1637 288 1721 regis
303 1638 424 1704 aeterni
438 1639 566 1721 tropaeo
582 1656 704 1721 quoque
714 1657 787 1704 sues
798 1636 1033 1703 resurrectionis
1044 1637 1218 1702 inlustrans

87 1742 260 1825 primatum
289 1759 360 1806 cum
387 1742 537 1828 religione
571 1760 754 1808 concessum
784 1742 905 1807 dierum
936 1742 1057 1807 censuit
1082 1741 1217 1807 retinere

86 1848 280 1911 cunctorum.
318 1844 412 1911 huius
427 1845 508 1912 lucis
523 1847 594 1911 ortu
610 1847 777 1929 censpiano
795 1851 897 1911 mater
911 1845 1000 1929 uirgo
1016 1860 1089 1909 curn
1104 1843 1216 1909 octena
1228 1846 1269 1911 27

48 1982 76 2023 re
86 1946 272 2014 mulieribus
303 1948 439 2016 fideliter
469 1952 677 2035 congregatis,
700 1968 779 2033 quae
805 1968 920 2015 munus
942 1948 1059 2032 pariter
1081 1946 1217 2012 serentes

88 2056 265 2119 aromatum
289 2054 417 2120 Domini
439 2058 591 2120 uenerant
609 2056 649 2121 ad
663 2054 870 2139 sepulchrum,
893 2051 1031 2119 lacrimis
1047 2068 1101 2117 ora
1114 2052 1218 2117 sulea-

86 2153 177 2233 bant,
200 2158 310 2239 pectus
332 2157 504 2241 gemitibus
527 2158 774 2224 commonebant.
811 2175 943 2239 moxque
969 2157 1073 2223 locum
1095 2156 1216 2238 conspi-

88 2256 177 2324 ciunt
200 2259 378 2342 sepulturae
401 2278 537 2327 uacuum
559 2280 686 2344 corporo
700 2261 765 2327 iam
780 2264 896 2344 patere,
920 2258 974 2325 sed
991 2259 1074 2325 mira
1088 2261 1215 2343 plenum

87 2361 263 2428 redundare
290 2363 422 2430 uirtute.
460 2365 498 2430 de
526 2366 619 2431 caobs
648 2366 778 2448 angelus
805 2382 939 2446 nemque
961 2362 1164 2429 descenderat
1187 2363 1219 2427 st

140 2637 154 2690 l
178 2636 282 2692 labore·
300 2640 339 2707 (m
357 2641 438 2708 aas.)
459 2639 503 2703 Η,
533 2639 624 2694 laboro
641 2639 669 2693 Β
773 2637 887 2692 flnemo
988 2635 1096 2691 nitories
1120 2635 1154 2690 Η

84 2723 219 2792 expoliare
236 2723 265 2778 Β
368 2725 481 2780 duobis
499 2726 580 2780 etiam
598 2724 777 2794 comprobaris
794 2725 947 2779 ammittere
965 2723 1006 2790 R,
1041 2722 1118 2776 nouis
1136 2721 1219 2775 etiam

86 2809 257 2879 comprobaris
274 2811 413 2866 &mittere
431 2814 468 2878 (m
481 2816 561 2877 aas)
580 2811 625 2880 H,
654 2826 735 2880 quom
753 2810 827 2865 noles
845 2810 1004 2863 etiamdum
1022 2806 1147 2877 probaro·
1164 2822 1219 2861 am·

86 2896 198 2950 mittere
221 2895 264 2960 B,
299 2912 379 2966 quam
403 2896 504 2951 nobilis
527 2895 609 2951 etiam
631 2895 811 2966 comprobaris
833 2895 985 2949 ammittere
1007 2895 1037 2959 1,
1073 2910 1122 2948 em.
1146 2892 1219 2957 Im„

87 3000 141 3055 etsi
159 3001 214 3054 iam
232 2999 410 3069 comproberis
426 3016 451 3054 a.
469 3001 538 3056 coni.
556 3000 660 3056 Hortel
740 2999 758 3053 3
775 3015 811 3054 nn
828 3011 1063 3053 nmmucmorm
1080 2985 1133 3051 ᾖ
1150 2996 1219 3062 RH,

88 3087 127 3141 De
144 3087 335 3142 resurrectione
352 3086 395 3142 dio
413 3086 547 3142 dominico
565 3093 593 3142 et
610 3087 706 3158 angelo
720 3085 833 3140 tumulis
845 3083 1045 3139 adstantibuso
1113 3083 1221 3139 Interea

87 3178 209 3243 coeperat
234 3174 252 3227 i.
276 3178 297 3227 t.
321 3174 374 3229 Ην
396 3177 512 3243 (asperat
536 3174 583 3238 Η)
697 3172 854 3228 diest-ais
877 3171 921 3233 Η,
951 3170 1056 3226 felino
1166 3170 1220 3224 ira·

86 3257 163 3313 dicre
186 3259 263 3313 iestis
286 3260 387 3329 qnaeI
487 3258 597 3313 domino
618 3274 639 3313 a.
657 3259 675 3313 t.
697 3259 738 3315 1o²
841 3255 991 3312 dominanti
1009 3257 1041 3324 (i,
1060 3270 1132 3311 corr.
1151 3254 1221 3321 uid.)

87 3380 116 3435 a
219 3378 445 3434 tremulentus
471 3379 507 3433 rr
609 3350 780 3434 ademerit
805 3351 908 3448 §aaa
935 3380 970 3433 rr
1073 3375 1220 3431 remur

88 3484 123 3538 H
222 3483 374 3554 resurgenti
401 3483 436 3536 H
534 3482 622 3537 8bic
648 3484 763 3537 enimv
863 3472 970 3553 genem
998 3480 1219 3550 (genetores.)

87 3571 115 3626 Β
213 3570 382 3640 manifestus]
401 3568 511 3639 mundi’l
530 3568 618 3625 lactus
636 3568 664 3623 Β
767 3565 1155 3638 orequieuime(iee.t)11

91 3658 124 3711 10
141 3660 220 3726 eaput
233 3672 283 3712 om.
302 3656 337 3722 R,
364 3656 447 3725 capud
465 3655 493 3709 B
580 3656 654 3710 sitsi
671 3656 699 3711 Β
788 3657 820 3710 11
838 3654 965 3709 definitus
982 3654 1027 3708 Bo
1113 3652 1146 3706 12
1163 3653 1219 3705 tro·

88 3760 139 3816 pao
155 3744 197 3809 R,
226 3744 375 3812 tropleoti)
394 3745 436 3807 H,
466 3744 576 3814 tropheo
595 3743 623 3798 Β
720 3743 753 3797 13
771 3742 909 3812 religiono]
928 3741 950 3795 li
965 3756 985 3795 s.
1003 3742 1021 3795 l.
1038 3740 1068 3793 Β
1159 3754 1220 3793 con-

86 3866 145 3921 ruit
168 3866 214 3931 H,
242 3836 347 3921 consuit
370 3866 396 3920 Β
500 3868 533 3921 14
554 3882 590 3920 ns
607 3881 784 3921 mansura
801 3880 877 3924 oran
895 3879 1051 3919 rnnnmrrr
1069 3878 1106 3917 an
1124 3876 1220 3918 rrorv·

88 3958 191 4025 mr?
208 3984 243 4024 rer
261 3985 297 4024 nn
314 3983 431 4023 vrsrora
450 3984 555 4024 anunm
572 3969 614 4032 Β,
643 3984 694 4023 om.
713 3969 747 4022 Η
848 3970 882 4023 15
904 3966 1103 4037 ddoliter1e.l.
1122 3966 1150 4021 Β

87 4072 143 4124 qua
160 4055 232 4120 ΗΒ,
262 4056 359 4125 quiec
454 4056 487 4109 16
506 4054 625 4124 Domini]
643 4054 741 4109 durno
836 4057 970 4108 uenerunt
986 4053 1067 4107 HBo
1162 4052 1219 4106 sul·

87 4139 189 4195 cabant
199 4144 221 4207 (t
233 4142 265 4195 isa
277 4156 333 4195 ros.
345 4158 380 4194 m.
392 4142 422 4205 2)
435 4140 475 4199 Β.
504 4138 855 4194 sulcabat-comrrrouebat
872 4140 907 4193 H
908 4156 924 4194 o
1013 4154 1074 4193 rora
1091 4138 1121 4206 (h
1139 4142 1218 4204 eras.)

88 4228 125 4282 Η
227 4228 259 4281 19
277 4241 391 4296 namque
409 4226 553 4295 angeluso
