2774 4830
119 331 184 397 342
591 328 776 399 dependis

12 536 114 579 ree-rue
122 524 282 583 mentorum
312 524 447 597 surrepta
477 522 534 598 est,
564 524 672 596 quanta
701 539 762 582 non
784 522 881 583 fuerat
903 524 1045 599 apposite.
1093 525 1194 586 Diem
1224 530 1246 589 ·i.

122 625 220 687 solem.
244 625 374 686 Pallor
390 624 417 684 ·i·
432 624 560 699 nigredo.
578 625 724 686 Poetieum
741 626 877 700 estquod
893 625 964 685 dicit
978 628 1170 702 rapiente,
1186 646 1247 705 poe

120 734 168 789 tae
196 730 272 789 euim
300 729 400 789 meunt
428 730 517 789 solem
545 745 609 789 sere
638 731 730 805 mergi
759 730 790 789 in
813 743 929 801 oceano,
960 746 1041 790 mene
1074 748 1195 807 surgere
1219 734 1248 794 in

121 832 241 892 oriente.
286 832 480 907 Hesperus
510 830 595 892 stella
626 834 683 909 est,
715 846 788 906 quae
816 832 911 906 surgit
932 834 1000 906 pest
1022 848 1161 894 oceasum
1184 835 1249 896 selis

121 939 151 995 et
173 938 292 996 uocetur
313 935 413 996 Venus
429 935 523 995 media
538 939 630 1009 noete,
647 953 733 996 mane
749 952 817 996 uere
833 936 960 997 Lucifer.
997 940 1097 997 Arne
1112 939 1141 997 ·i·
1157 938 1275 1013 plani-e

119 1039 176 1098 ties
198 1038 296 1099 maris.
331 1040 411 1098 Arua
433 1041 500 1098 sunt
521 1038 658 1112 quiequid
684 1041 829 1099 sustinent
844 1039 963 1114 aliquid,
979 1058 1051 1101 arne
1068 1042 1168 1102 auium
1184 1044 1250 1103 sunt

120 1159 201 1220 ager,
225 1158 296 1201 arua
317 1143 435 1201 nauium
451 1158 537 1214 mare,
554 1159 625 1202 arua
639 1142 786 1201 hominum
801 1144 889 1202 terra.
927 1142 1085 1203 Glaucia
1102 1147 1130 1205 ·i·
1148 1145 1248 1205 uiridis

120 1245 237 1319 celoris;
270 1244 391 1320 glaueus
420 1245 526 1305 dieitur
557 1245 668 1318 uiridis,
698 1246 743 1306 est
771 1248 867 1306 eutem
890 1247 969 1308 solor
988 1248 1068 1309 iuter
1096 1250 1197 1309 elbum
1223 1252 1250 1308 et

120 1350 244 1424 nigrum.
288 1348 359 1408 Sub
383 1348 485 1408 ealle
507 1350 678 1423 pedestri
701 1348 1043 1425 ·i·subitinerepedum.
1083 1352 1250 1413 Genesar

119 1452 198 1526 regio
221 1452 267 1511 est
289 1453 370 1509 trans
392 1466 470 1509 mare
494 1450 620 1510 Gelileae
642 1454 672 1510 et
694 1451 801 1512 dieitur
824 1452 957 1523 Genesar,
981 1470 1129 1528 generans
1153 1472 1279 1517 aurarum

120 1556 187 1627 sibi,
211 1555 287 1614 sieut
302 1570 380 1613 mare
395 1555 609 1627 tempestatem.
649 1554 743 1625 Quot
758 1554 785 1612 ·i·
802 1554 913 1629 quenti.
952 1556 1070 1631 'l'yrus
1085 1560 1124 1617 et
1140 1558 1248 1619 Sidon

119 1658 256 1719 ciuitates
279 1660 348 1717 sunt
363 1658 535 1727 maritimae,
552 1659 762 1732 interpretatur
776 1661 871 1718 autem
888 1658 979 1734 Tyrus
996 1663 1148 1739 angustie,
1165 1663 1249 1725 sidon

119 1763 247 1838 uenatio,
271 1779 344 1836 quae
361 1762 447 1821 etiam
463 1764 530 1821 ente
545 1763 631 1821 Serra
646 1764 803 1823 uocabatur
826 1809 833 1822 .
858 1808 866 1824 .
891 1808 898 1822 .
922 1763 988 1823 Pro
1011 1764 1112 1826 uitio
1129 1767 1159 1826 ·i·
1175 1766 1248 1826 indr-

39 1844 42 1849 ’
119 1866 230 1926 mitate.
276 1866 383 1924 chem
406 1865 462 1924 fuit
483 1863 560 1924 lilius
588 1865 661 1939 Noe,
685 1867 759 1924 uude
774 1882 872 1925 omues
896 1864 1087 1926 Chananei
1103 1867 1247 1929 dicuutur.

120 1968 318 2040 odoratae,
346 1968 413 2042 quia
435 1968 508 2027 cibis
537 1968 651 2028 odorem
680 1969 802 2043 aecipit3
834 1970 952 2029 odorum
981 1972 1027 2029 est
1059 1972 1138 2046 quud
1161 1989 1196 2032 ex
1216 1988 1277 2037 sen

119 2073 181 2149 ipso
203 2075 317 2133 ederem
340 2071 399 2145 dat,
415 2073 564 2131 odoratum
586 2074 659 2146 quod
682 2071 798 2132 aliunde
821 2073 927 2145 accipit
942 2072 1017 2132 sieut
1031 2075 1247 2147 uestimentum,

120 2176 295 2238 uderiseeum
317 2175 392 2249 quod
414 2174 576 2250 insequitur
597 2175 711 2235 odorem
734 2178 810 2236 sieut
832 2178 925 2240 sanis.
954 2177 999 2237 In
1021 2178 1200 2239 sentibus
1222 2179 1248 2237 ·i·

119 2281 149 2339 in
172 2296 266 2339 errore
289 2278 476 2352 gentilitatis.
507 2278 557 2338 De
578 2279 749 2352 gramine
765 2280 792 2337 ·i·
809 2279 844 2337 de
859 2281 989 2341 doctriua
1005 2281 1153 2356 euangelii
1169 2283 1198 2341 ·i·
1214 2281 1247 2340 de

120 2383 242 2443 seientia
264 2382 427 2441 diuinarum
451 2382 668 2456 seripturarum,
692 2399 765 2457 quae
785 2382 910 2444 Hebreis
927 2385 1011 2444 datae
1026 2388 1106 2444 sunt.
1143 2384 1248 2444 Hebrei

119 2486 196 2545 enim
218 2488 286 2544 tune
308 2484 340 2544 in
363 2486 448 2545 deum
471 2485 635 2556 credebant,
651 2486 725 2545 aliae
742 2502 808 2545 uero
824 2488 925 2559 gentes
941 2488 1066 2546 nendum
1082 2487 1279 2561 eredebant„

120 2588 196 2648 unde
218 2588 383 2663 psalmista:
406 2588 499 2648 Notus
522 2588 551 2647 iu
575 2589 666 2648 Iudee
680 2588 760 2649 deus.
805 2589 1041 2664 attemperat
1064 2591 1091 2648 ·i·
1115 2594 1248 2665 mantem

122 2708 260 2765 organum
282 2694 367 2750 uocat
391 2690 486 2751 officie
508 2693 707 2763 membrorum,
731 2696 864 2753 nostrum
888 2694 965 2754 euim
987 2711 1090 2767 eorpus
1115 2695 1200 2769 quasi
1215 2712 1248 2755 ex

123 2794 216 2856 olfieie
246 2796 371 2855 musicae
400 2797 472 2855 artis
502 2799 629 2872 eonstat,
659 2798 728 2871 quia
750 2800 826 2857 sieut
848 2797 956 2856 musica
978 2813 1026 2856 ars
1049 2798 1122 2857 furis
1145 2798 1249 2858 fidibus

121 2902 308 2973 temperatur,
339 2901 381 2959 ita
409 2916 511 2974 cerpus
537 2900 714 2973 aequalitate
737 2900 955 2960 elementorum.
994 2899 1069 2958 Nam
1092 2901 1249 2960 infirmitas

123 3003 250 3077 cerneris
272 3001 314 3061 nil
336 3001 415 3060 aliud
439 3003 484 3061 eet
506 3001 564 3061 uisi
586 3002 777 3075 inaequalitas
804 3002 1018 3072 elementorum,
1046 3003 1160 3063 sanitas
1182 3020 1280 3064 uerore

121 3106 283 3179 aequalitas
305 3104 420 3165 illorum
435 3108 489 3165 est.
527 3106 668 3179 Organa
690 3106 841 3166 concordie
856 3108 1063 3181 membrorum
1080 3108 1165 3167 nerui
1181 3114 1250 3167 sunt

120 3207 236 3269 uineule
269 3211 406 3282 eorporis.
463 3208 691 3269 Geminande
724 3208 751 3267 ·i·
785 3208 1005 3282 multiplicanda
1037 3227 1067 3268 ·s·
1100 3212 1127 3268 si
1161 3212 1250 3271 ieiuni

120 3312 343 3384 reuerterentur,
372 3312 433 3386 ipse
460 3312 542 3371 labor
564 3311 676 3372 itineris
699 3312 806 3372 famem
827 3313 955 3387 augeret.
1000 3311 1074 3382 Qua
1096 3330 1129 3372 ·s·
1152 3314 1248 3373 turba

120 3415 271 3473 Enorme
293 3415 320 3473 ·i·
345 3414 584 3488 inmensurabile;
619 3432 719 3475 norma
742 3419 788 3476 est
809 3414 910 3489 regule
943 3415 988 3474 uel
1011 3432 1158 3485 mensure,
1183 3416 1249 3476 iude

121 3516 258 3593 enormis,
282 3516 362 3576 euius
385 3534 434 3590 per
456 3517 502 3576 sui
525 3517 753 3592 magnitudinem
776 3535 910 3578 mensura
927 3536 983 3577 non
999 3520 1096 3593 petest
1111 3519 1281 3580 inuenirim

120 3619 276 3681 Secundi
294 3618 322 3676 ·i·
340 3619 470 3690 feminei,
495 3620 607 3695 primus
623 3636 708 3680 sexus
724 3621 829 3699 uirilis,
854 3622 996 3682 secundus
1012 3622 1173 3682 muliebris.
1208 3623 1252 3682 llt

119 3723 261 3783 aetatis
288 3740 320 3780 a·
340 3724 482 3782 secundae
499 3724 524 3781 ·i.
540 3724 619 3797 pueri
639 3722 685 3783 uel
702 3725 796 3798 prima
817 3726 896 3783 aetas
912 3726 957 3783 est
972 3722 1108 3796 infantia,
1125 3729 1253 3787 secunde

119 3826 255 3902 pueritia.
293 3825 495 3900 Reliquias
519 3844 605 3886 suas
628 3829 657 3886 et
679 3827 838 3886 culmina
860 3827 961 3887 eadem
983 3829 1063 3901 suut,
1087 3832 1135 3886 est
1157 3833 1254 3891 eutem

221 4002 254 4055 21
273 4001 372 4056 Pselm.
391 4001 433 4068 le,
451 4001 468 4055 2

170 4168 322 4236 ilgeneser
341 4170 368 4235 (e
386 4185 420 4222 era
438 4174 461 4233 e)
480 4170 506 4221 Α
612 4168 641 4220 ll
667 4166 737 4221 tirus
760 4170 787 4220 A
891 4167 924 4221 16
947 4168 1030 4220 uestis
1048 4171 1125 4222 etum
1151 4174 1194 4241 A,
1226 4175 1257 4228 ire

119 4284 170 4338 mg.
188 4269 353 4325 odoriseeum
371 4287 405 4324 m.
425 4273 445 4323 2
549 4271 582 4324 18
599 4269 627 4322 iu
646 4258 712 4324 ’rere
730 4270 769 4323 A*
