2774 4830
460 330 610 401 Remigii
632 332 813 400 expositio.
1138 332 1201 397 335

71 543 122 585 suo
145 525 330 599 baptismata.
368 526 440 585 Caro
463 524 619 600 aliquande
634 543 686 601 pro
701 528 818 600 peccato
840 528 990 600 accipitur,
1015 530 1044 586 et
1065 526 1199 587 Christus

71 632 217 701 peccatum
230 629 355 701 gessisse
367 628 482 700 dicitur,
496 646 560 687 cum
571 628 788 689 similitudinem
800 631 895 689 caruis
903 631 930 688 ·i·
940 629 1051 704 peccati
1062 630 1199 704 suscepit.

71 731 291 790 Torrentum
319 730 345 790 ·i·
378 734 543 791 currentum
577 734 607 789 et
639 734 686 789 est
715 731 887 791 adiectiuum
917 749 1018 790 nomen
1046 734 1075 791 et
1100 732 1196 794 fixum.

71 834 246 908 Limpbas
281 834 381 895 Graeci
415 835 514 895 dicunt
547 835 691 908 nimphas,
723 853 776 894 nos
808 836 943 908 limphas,
978 853 1043 894 nam
1070 834 1199 895 eiusdem

47 937 195 997 anominis
229 941 297 998 uota
330 941 375 997 est
408 940 483 1012 apud
518 938 639 997 Graecos
669 937 725 1009 ·N·‚
756 938 837 998 caius
866 942 912 998 ost
934 940 973 997 ·L·
998 926 1148 1013 apud'nos
1171 938 1197 996 ·i·

69 1041 292 1115 quinquaginta.
336 1040 488 1099 Reflues
511 1042 538 1099 i·
562 1045 637 1099 retro
664 1042 803 1113 fluentes3
831 1042 973 1115 poeticum
992 1045 1047 1104 est.
1082 1043 1198 1100 Factum

69 1148 115 1202 est
138 1147 243 1222 autem,
272 1143 388 1217 quando
419 1142 472 1202 tilii
495 1144 586 1203 Israel
609 1144 790 1202 transierunt
815 1144 967 1203 Iordanem
989 1145 1139 1219 porgentes
1162 1142 1199 1201 ad

69 1250 179 1305 terram
202 1246 442 1320 repromissionis.
476 1247 557 1307 Tunc
571 1247 656 1321 primi
673 1247 852 1307 transierunt
867 1248 1030 1306 sacerdotes
1044 1246 1197 1311 etstatim.

69 1356 104 1409 ut
132 1368 207 1424 aqna
235 1352 310 1426 tegit
336 1352 425 1425 podes
455 1369 562 1424 eorum,
593 1368 661 1424 pars
689 1351 832 1421 Iordanis,
861 1369 933 1425 quae
963 1353 1094 1411 deorsum
1125 1353 1197 1419 erat,

32 1456 149 1528 refugit
169 1457 196 1514 ·i·
219 1455 323 1515 cecidit
350 1456 379 1515 in
409 1472 487 1515 mare
515 1456 675 1525 mortuum3
703 1454 755 1514 illa
782 1471 858 1525 uero,
885 1450 959 1527 'cquae
988 1472 1102 1515 sursum
1124 1456 1197 1523 erat,

69 1558 155 1617 stetit
191 1558 221 1616 iu
252 1575 308 1616 una
340 1558 425 1618 mole.
458 1556 520 1617 Hoc
554 1557 659 1619 detulit
690 1562 776 1633 poeta
808 1558 844 1617 ad
875 1557 1049 1632 baptismum
1080 1558 1196 1618 domini.

68 1663 254 1721 Harenas:
277 1663 403 1721 harenae
426 1662 561 1722 dicuntur
584 1664 619 1720 ab
642 1661 787 1735 ariditate,
811 1663 925 1734 quande
943 1661 1006 1721 sine
1021 1661 1197 1734 aspiratione

68 1764 243 1836 scribuntur,
267 1767 381 1839 quando
404 1781 472 1826 uero
494 1783 558 1824 curn
583 1764 760 1838 aspiratione
783 1765 917 1824 dieantur·
936 1782 968 1823 eo
984 1766 1061 1839 quod
1075 1764 1197 1825 hereant

68 1868 199 1927 fabricis.
244 1869 390 1928 Honore
413 1869 440 1927 ·i·
463 1868 659 1930 honorabitur.
698 1868 754 1926 iila
776 1867 908 1927 columba
925 1911 1190 1930 .....

27 1972 301 2033 sablansuetum
329 1974 355 2032 ·i-
386 1972 606 2031 misericordem.
655 1974 823 2031 Mansuetus
857 1969 961 2029 dicitur
994 1970 1077 2044 quasi
1110 1988 1196 2029 manu

68 2078 170 2134 suetus
185 2075 210 2133 .i·
228 2077 304 2149 pius.
350 2075 489 2135 Mitem:
515 2074 593 2133 mitis
615 2074 722 2133 dieitur
738 2075 819 2147 quasi
836 2076 941 2145 mutus,
958 2073 1006 2146 qui
1021 2090 1089 2146 prae
1106 2073 1196 2133 nimia

67 2177 233 2237 humilitate
261 2195 391 2240 sermone
421 2196 518 2239 carere
547 2181 673 2252 putatur.
713 2178 792 2238 Deus
820 2178 849 2235 in
879 2178 1041 2237 mansuetis
1070 2176 1194 2249 habitat,

67 2283 229 2355 sicutipse
253 2268 338 2341 didit:
370 2282 461 2355 Super
482 2297 566 2354 quem
590 2280 751 2353 requiescet
774 2280 894 2355 spiritus
917 2297 1006 2353 meus,
1029 2282 1087 2341 nisi
1110 2297 1196 2355 super

67 2384 206 2446 humilem
229 2388 258 2444 et
279 2385 407 2457 quietum
430 2387 460 2443 et
482 2386 650 2443 trementem
680 2385 768 2443 uerba
788 2400 861 2443 mea.
905 2384 975 2442 Per
997 2384 1194 2446 uolucrem.

23 2488 206 2549 aoVolucres
229 2490 364 2549 dicuntur·
386 2506 403 2547 a
425 2491 522 2548 crebro
546 2488 660 2558 uolatu;
685 2488 748 2547 ideo
771 2490 799 2548 in
816 2487 947 2546 columba
963 2488 1086 2561 Spiritus
1103 2505 1194 2562 appa·

66 2594 138 2665 ruit,
162 2596 195 2651 ut
216 2594 381 2653 ostenderet
396 2592 541 2651 Christum
564 2590 732 2666 simplicem,
756 2593 786 2650 et
801 2608 896 2650 eorum
911 2593 997 2650 corda
1019 2592 1129 2665 replere
1144 2609 1194 2666 per

65 2697 283 2769 simplicitatem
316 2700 345 2755 et
377 2696 569 2756 innocentiam
599 2693 736 2768 diligunt.
772 2695 916 2755 Probatur
943 2695 1028 2753 Pater
1056 2697 1085 2753 in
1113 2712 1193 2775 uoce,

66 2801 194 2875 Spiritus
222 2804 339 2861 sanctus
367 2802 396 2859 in
425 2800 521 2873 specie
544 2798 701 2870 columbae,
731 2796 824 2857 Filius
854 2798 884 2858 in
908 2815 1028 2871 persona
1057 2798 1192 2865 hominis,

65 2904 119 2977 qui
148 2904 355 2977 baptizabatur.
396 2903 481 2962 Pater
509 2906 554 2961 est
582 2900 633 2972 ibi,
664 2903 760 2961 Natus
785 2904 832 2961 ost
854 2902 903 2975 ibi,
928 2902 1053 2974 Spiritus
1075 2904 1192 2959 sanctus

19 3010 113 3069 esest
128 3006 178 3082 ibi,
202 3007 241 3066 ibi
257 3007 429 3066 Trinitatem
446 3006 493 3066 bic
509 3007 693 3065 demonstrat.
716 3005 764 3065 De
787 3006 893 3064 caute
908 3006 934 3063 ·i·
950 3007 984 3063 de
999 3005 1070 3063 duro
1085 3001 1191 3078 lapide.

66 3113 173 3170 Cautes
195 3122 225 3169 et
246 3114 323 3169 cotes
346 3110 421 3169 idem
444 3113 521 3169 sunt.
559 3108 737 3183 Vipereis
752 3108 778 3165 ·i·
797 3107 983 3181 serpentinis.
1006 3107 1193 3173 ueneniterisr

64 3216 168 3287 uipera
189 3214 294 3272 dicitur
316 3228 349 3272 eo
372 3213 446 3285 quod
470 3212 500 3271 ui
523 3211 627 3286 pariat,
655 3214 734 3272 caret
756 3210 831 3271 enim
854 3210 951 3281 uulua,
969 3210 1019 3270 sed
1034 3228 1083 3270 ore
1098 3212 1194 3270 eonci-

64 3333 137 3392 pere
160 3317 260 3377 fertur.
296 3318 467 3375 Potestas
490 3334 514 3376 s.
539 3315 674 3389 angelica
697 3318 726 3373 et
753 3314 963 3388 archangelica.
1001 3313 1064 3373 Nec
1092 3314 1194 3373 mirum

64 3421 91 3481 si
118 3420 260 3495 diabolus,
291 3420 339 3495 qui
368 3419 490 3493 spiritus
518 3422 574 3494 est,
604 3418 699 3493 potuit
731 3419 827 3478 omnia
849 3434 939 3490 regna
960 3417 1057 3475 mundi
1081 3418 1194 3476 Christo

17 3525 230 3595 aeostendere,
253 3542 317 3583 cum
339 3526 440 3583 beatus
464 3522 636 3583 Benedictus
659 3522 691 3581 in
715 3538 832 3595 corpore
854 3522 947 3580 adhuc
969 3521 1078 3594 positus
1100 3521 1195 3592 potuit

64 3629 197 3702 aspicere
211 3630 302 3687 totum
318 3629 463 3697 mundum,
487 3645 543 3686 nou
566 3625 634 3700 quia
655 3626 779 3684 mundus
802 3624 949 3684 breuiatus
971 3624 1021 3693 sit,
1045 3622 1096 3682 sod
1111 3639 1193 3681 meus

63 3734 129 3791 eius
152 3748 204 3806 per
225 3730 477 3805 contemplationis
500 3733 544 3789 est
566 3730 689 3803 gratiam
712 3728 845 3787 dilatata.
884 3727 950 3786 Ideo
973 3728 1103 3785 diabotus
1125 3732 1191 3797 post

64 3834 241 3908 baptismum
273 3835 416 3895 dominum
450 3833 614 3908 temptauit,
650 3836 682 3892 ut
716 3831 883 3891 ostenderet
909 3847 962 3888 nos
995 3833 1064 3889 tunc
1097 3828 1193 3888 acrius

61 3939 214 4012 temptari,
236 3954 301 3998 cum
322 3956 355 3999 so
378 3939 508 3997 deserere
530 3941 560 3997 et
581 3936 700 3995 seruitio
722 3936 768 3995 dei
791 3934 897 3993 uiderit
920 3930 1090 4006 diligentius
1121 3932 1192 3990 insi·

119 4194 151 4249 14
177 4192 301 4261 equitur
323 4206 377 4247 res.
402 4194 419 4243 5
443 4204 569 4245 versuum
592 4190 623 4242 ia
640 4188 667 4241 A
770 4186 803 4240 St
831 4174 973 4241 &muido
997 4186 1051 4253 (ser
1073 4201 1092 4239 ο
1108 4200 1143 4237 m.
1161 4184 1192 4251 2)

58 4282 89 4339 Δ
