2774 4830
410 332 562 389 Paschal.
580 332 698 404 Operis
720 333 787 389 nin.
807 333 876 391 1111.
1144 334 1212 402 255

295 1078 297 1082 ,
374 980 572 1081 LIBER
616 980 910 1082 QVARTVS.

120 1249 193 1347 Iam
231 1299 302 1349 aum
339 1280 480 1349 Iordanis
517 1284 616 1348 danna
653 1282 771 1349 fluenta
805 1281 1037 1366 transgrediens
1073 1283 1235 1351 Indasaai

76 1387 223 1457 semitam
241 1388 436 1475 praeteriret,
466 1389 584 1470 passim
605 1385 719 1472 uulgus
742 1386 929 1466 inmensum,
953 1387 985 1451 st
1002 1391 1144 1454 aatsruas
1166 1389 1206 1455 ab

75 1492 162 1555 omni
185 1490 335 1556 uarietate
357 1490 516 1574 languoris
532 1490 597 1556 sina
611 1490 735 1556 nomina
758 1491 880 1557 curauit
901 1491 1092 1569 innumeras,
1114 1491 1205 1557 intir-

76 1610 146 1658 mos
182 1593 335 1676 aenipisns
367 1597 397 1658 at
427 1593 593 1661 innolomas
630 1611 767 1659 ramaara
804 1594 984 1659 consedens.
1025 1594 1072 1660 nil
1104 1594 1208 1679 igitur

53 1712 200 1770 asumma
224 1695 362 1762 canistra
384 1694 512 1761 difficile
531 1700 578 1762 ast
595 1695 634 1761 ds
649 1713 682 1761 ss
697 1695 897 1778 sperantibus
912 1695 986 1775 Dan,
1003 1697 1054 1762 eui
1069 1696 1206 1764 facultas

74 1817 173 1883 prona
209 1799 389 1882 subpeditat
424 1799 521 1866 ardna
553 1799 691 1883 planare,
729 1818 824 1864 curua
857 1799 1001 1883 dirigere,
1039 1801 1121 1883 quod
1155 1802 1210 1867 ast

75 1903 223 1987 superbos
254 1902 294 1966 ad
323 1901 491 1967 humiliora
516 1903 678 1984 deponere,
702 1901 880 1967 errantibus
903 1902 1050 1967 semitam
1071 1902 1203 1967 <isman-

74 2008 186 2071 strara.
230 2004 338 2071 Esaias
378 2023 514 2087 namque
556 2005 708 2088 propheta
751 2005 936 2088 magnificus
980 2006 1027 2072 ita
1065 2007 1206 2072 noscitur

74 2109 223 2192 elocutus,
262 2105 378 2173 Christi
421 2125 493 2172 aum
536 2106 733 2174 denuntiarat
770 2106 956 2173 aduentum:
994 2111 1032 2175 st
1067 2110 1205 2189 arunt,

38 2212 195 2294 auinquit,
225 2229 346 2294 praua
373 2212 411 2278 in
441 2211 613 2293 dirauta,
643 2213 682 2276 st
712 2226 846 2293 aspera
873 2209 912 2276 in
939 2211 1025 2278 uias
1052 2212 1201 2294 planas.

74 2313 226 2399 numquid
249 2313 287 2379 da
310 2314 393 2380 saxis
418 2314 472 2380 ant
493 2313 635 2380 sentibus
658 2313 850 2380 antinflaxis
864 2314 988 2381 uiarum
1003 2313 1209 2400 prophatauit

73 2415 276 2495 nitatibus,
299 2434 371 2482 aum
393 2415 537 2482 Christus
560 2417 600 2482 ad
622 2415 810 2482 saluandum
831 2417 955 2485 usuarii
971 2417 1124 2484 mundum
1139 2436 1201 2485 non

73 2521 108 2584 in
130 2519 220 2586 siluis
244 2520 277 2586 st
296 2520 466 2600 montibus,
490 2520 544 2586 sed
566 2519 712 2585 humanis
732 2521 879 2605 gentibus
894 2523 1122 2590 constitutum?
1142 2521 1206 2588 hon·

73 2627 123 2688 ast
154 2622 233 2688 illud
262 2622 360 2688 stiam
388 2638 459 2689 non
488 2623 710 2690 clamantis
738 2624 779 2689 in
809 2625 983 2711 deserta,
1013 2626 1096 2709 quod
1132 2643 1204 2691 ann·

38 2729 194 2800 amount:
224 2728 363 2808 parata
391 2724 496 2792 niam
518 2725 696 2810 Domino,
727 2727 861 2793 nantas
887 2728 1015 2794 fauiae
1035 2729 1206 2795 semitas

176 2912 247 2969 91⁸.
266 2911 345 2978 ΛΜ
449 2914 482 2968 14
499 2913 537 2971 ib.
553 2912 597 2980 40,
614 2913 632 2969 3
736 2913 769 2968 15
786 2912 820 2968 af.
838 2911 874 2968 ib.

125 3082 228 3141 lNam
246 3083 312 3140 istri
406 3098 466 3141 anm
483 3084 513 3138 P
609 3083 694 3145 dunno
711 3082 868 3139 Iordanisv
964 3083 1069 3139 induam
1086 3083 1205 3155 atenim

70 3186 195 3263 ’ΜΡ
282 3177 1131 3275 amnnnan.,1niona(ma>1a-uexoen

69 3302 88 3355 4
113 3299 257 3357 insnum
285 3301 390 3367 ΡΒΗῙι
425 3299 540 3357 salomas
557 3300 598 3367 Β,
635 3301 750 3357 salamas
775 3315 792 3355 a
900 3301 917 3354 5
943 3299 1051 3354 damino
1077 3300 1132 3357 Ha

69 3387 86 3443 6
109 3386 201 3457 μου]
225 3400 276 3442 om.
296 3386 325 3443 B
426 3386 519 3457 udus]
543 3385 662 3442 adrwtut
686 3385 817 3442 Iuratus:
844 3385 969 3443 msam
992 3387 1032 3443 itu
1055 3385 1202 3445 mendara·

68 3477 202 3541 opum,
224 3486 280 3541 pro
306 3487 360 3541 quo
384 3472 498 3528 sannas
514 3489 539 3527 v.
557 3487 579 3528 c.
597 3488 680 3529 curua
703 3471 832 3541 (litigaret
858 3488 928 3541 quae
950 3478 1089 3542 postrema
1111 3473 1200 3540 lucau,

68 3558 196 3626 quamuis
217 3557 290 3623 sarri
310 3558 410 3627 possi,
432 3558 524 3613 minas
546 3563 639 3613 tamen
656 3563 724 3626 apta
741 3563 787 3612 eat.
815 3574 881 3612 saum
898 3573 1016 3614 curuum
1032 3558 1136 3613 directo
1152 3559 1199 3613 tic

68 3650 323 3720 opponeremus.
348 3665 407 3706 aaa
427 3656 545 3721 apparet
563 3651 631 3722 qaid
647 3651 776 3708 uoluerit.
879 3652 897 3707 8
919 3652 1024 3708 hesaias
1047 3652 1081 3720 P,
1110 3651 1199 3706 Isaias

65 3770 84 3809 ο
171 3755 199 3807 sa
209 3753 364 3821 agnoscitur
382 3754 410 3808 P
498 3753 648 3822 achani]
666 3753 766 3810 neura
784 3755 812 3810 P
896 3739 968 3809 erun·
985 3755 1013 3811 n
1106 3754 1138 3808 10
1154 3754 1198 3808 u-

65 3847 136 3917 qnid
159 3848 195 3912 P,
223 3862 275 3903 aas.
297 3847 380 3904 HBu
482 3849 512 3903 11
532 3849 590 3919 aut]
608 3864 644 3904 au
662 3848 692 3903 P
790 3850 930 3905 influxibus
949 3850 976 3904 P
1078 3848 1199 3917 uiarum}

65 3984 128 4024 rum
146 3982 193 4038 pru
210 3968 243 4023 s'n
259 3982 318 4023 ras.
341 3968 384 4023 11ι
489 3968 522 4023 12
544 3969 683 4039 mundum]
701 3971 765 4024 dum
788 3970 818 4024 P
917 3942 999 4055 nans·
1017 3972 1096 4037 (surr.
1114 3984 1148 4022 aa
1167 3968 1198 4035 2)

65 4075 101 4130 Η
205 4071 237 4127 la
260 4073 289 4126 in
311 4087 402 4129 mu
505 4074 538 4128 14
561 4090 611 4143 qna
635 4074 675 4142 B,
704 4090 811 4143 quasa
912 4072 1125 4139 ammonam,
1152 4087 1197 4127 am

62 4168 189 4226 arania
213 4166 246 4220 H
250 4205 258 4232 ,
288 4169 381 4221 mouet
402 4165 444 4233 B,
474 4173 563 4225 munst
587 4186 603 4224 v
706 4170 740 4225 lt
763 4184 855 4239 parans
878 4169 959 4226 HBv
1062 4183 1198 4239 pansta-

59 4264 153 4320 isuera
171 4261 239 4318 Par.
259 4262 332 4319 Gaii
350 4263 430 4320 Aren.
